2062 3201
817 249 1092 289 -51-

167 389 263 416 mur.
324 376 432 420 Quod
466 378 673 424 periculum
720 376 951 423 Walterus')
988 385 1120 422 parum
1152 374 1318 419 evitavit.
1380 371 1496 409 Nobis
1528 381 1630 414 vero,
1677 375 1716 407 ut

165 442 262 478 duos
292 439 378 475 illos
415 450 563 477 errores
608 439 846 487 effugiamus,
897 441 994 476 lianc
1033 439 1130 474 viam
1182 436 1327 483 ingredi
1361 434 1597 483 propositum
1631 438 1712 469 est:

168 506 318 543 Tacitus
355 515 483 542 earum
533 506 762 549 orationum,
814 515 908 551 quas
939 506 1020 551 ipse
1068 503 1245 550 inspexit,
1290 512 1459 537 summas
1506 499 1713 535 sententias

168 569 347 615 servavit,
378 574 543 607 ceterum
577 575 701 606 autem
736 580 892 616 prorsus
931 569 1052 605 libere
1098 578 1217 605 noxas
1248 566 1474 613 conscripsit
1505 564 1714 601 orationes.

172 632 250 669 lam
283 643 396 681 porro
428 633 458 670 si
491 635 580 680 quid
613 635 659 671 de
689 635 934 672 sermonibus
965 633 1122 679 reliquis
1152 632 1274 677 scivit,
1311 632 1409 678 apud
1443 635 1618 666 auctores
1652 629 1708 663 in:

170 699 287 735 venit.
367 698 573 735 Auctorum
625 711 715 736 vero
760 699 999 737 orationibus
1045 699 1162 734 multo
1223 698 1406 734 minorem
1459 696 1569 732 tidem
1630 704 1715 729 eum

169 763 351 799 tribuisse
381 773 493 808 quam
525 765 714 811 genuinis,
746 765 967 812 pracsertim
1002 764 1101 810 quod
1135 764 1181 799 ad
1221 763 1470 799 barbarorum
1510 769 1707 797 sermones

170 827 315 874 attinet,
349 839 414 874 per
444 839 484 865 se
513 829 721 867 dilucidum
754 842 837 868 esse
869 831 1053 866 videatur.
1115 828 1245 874 ltaque
1282 828 1404 875 egisse
1432 838 1517 864 eum
1551 824 1711 861 liberius

172 896 315 934 talibus
347 894 384 930 in
417 893 656 932 orationibus
687 895 961 942 componendis
993 893 1064 928 iam
1097 893 1168 929 hac
1198 893 1473 929 deliberatione
1511 889 1719 927 verisimile

174 962 226 1000 tit.
288 961 361 997 Sed
408 959 495 995 talis
526 960 804 1007 argumentatio
855 970 929 996 non
977 958 1129 995 sufficit.
1195 959 1300 995 Alias
1353 959 1533 996 accedere
1570 966 1718 1001 causas,

176 1027 314 1073 quibus
347 1025 438 1061 haee
468 1023 590 1060 maior
621 1025 772 1061 licentia
803 1024 1087 1070 comprobetur,
1120 1034 1274 1062 necesse
1290 1030 1359 1062 est.
1419 1023 1548 1069 Neque
1571 1023 1719 1058 desunt.

171 1092 263 1128 Nam
314 1091 344 1127 si
399 1089 566 1135 reliquas
620 1095 904 1137 perscrutamur
951 1089 1156 1135 orationeS,
1218 1090 1391 1127 nonnulli
1437 1089 1591 1135 quidem
1642 1088 1715 1124 loci

172 1161 389 1200 occurrunt,
421 1155 562 1201 quibus
593 1156 756 1203 scriptor
788 1156 896 1202 quasi
928 1166 969 1191 se
1002 1156 1082 1202 ipse
1114 1157 1240 1203 prodit
1261 1155 1510 1203 cogitationes
1542 1165 1631 1192 suas
1660 1155 1719 1190 vel

172 1222 328 1259 minime
358 1221 417 1257 vel
452 1220 577 1257 minus
609 1221 825 1258 dicentibus
857 1225 965 1267 aptas
998 1220 1213 1258 inserendo.
1275 1222 1373 1258 Sane
1403 1224 1537 1256 natura
1568 1218 1622 1255 rei
1653 1228 1712 1253 se-

173 1302 256 1327 cum
290 1292 361 1327 t'ert
391 1290 486 1326 tales
517 1291 620 1326 locos
651 1301 736 1327 esse
768 1299 977 1337 perpaucos
1008 1300 1051 1325 ac
1082 1300 1128 1326 ne
1160 1301 1224 1327 eos
1256 1291 1409 1335 quidem
1442 1298 1575 1325 omnes
1614 1286 1716 1323 omni

178 1368 262 1394 cum
294 1356 480 1393 evidentia
513 1356 608 1393 tales
639 1368 680 1394 se
710 1362 918 1404 praestare.
979 1356 1156 1393 Attamen
1189 1358 1364 1404 exempla
1395 1355 1580 1393 orationis
1613 1354 1725 1391 Clau-

175 1422 310 1459 dianae
339 1433 359 1458 a
391 1422 520 1459 Tacito
565 1421 712 1459 adiecta
764 1423 793 1460 si
828 1422 1008 1459 memoria
1060 1422 1288 1467 tenebimus,
1336 1423 1499 1459 fortasse
1548 1420 1584 1456 id
1623 1419 1723 1465 quod

176 1488 383 1525 verisimile
414 1489 498 1535 erit,
529 1500 597 1535 pro
633 1494 734 1526 certo
766 1489 957 1525 affirmare
988 1488 1209 1534 poterimus.

287 1554 366 1590 Iam
398 1554 435 1590 in
467 1555 640 1593 oratione
671 1555 834 1603 Calgaei,
866 1565 978 1601 quam
1012 1553 1048 1589 in
1082 1554 1179 1591 libro
1217 1555 1289 1595 ,116
1326 1554 1582 1601 Agricolae
1633 1550 1725 1587 vita

178 1623 214 1655 et
244 1619 463 1656 moribus‘
493 1620 673 1667 scriptam
705 1620 893 1664 videmus,
926 1616 1079 1663 illud²):
1115 1619 1249 1663 ‚sicut
1283 1620 1327 1654 in
1357 1617 1541 1654 familia
1572 1624 1730 1651 recen-

178 1687 389 1725 tissimus
421 1689 615 1736 quisque
644 1699 883 1726 servorum
916 1688 1052 1725 etiam
1083 1687 1322 1724 conservis
1369 1683 1582 1721 ludibrio
1629 1682 1729 1729 est,‘

184 1759 260 1787 non
289 1750 456 1797 Calgaco
503 1751 687 1789 Britanno
735 1751 802 1789 sed
832 1751 1004 1788 Romano
1036 1748 1163 1786 Tacito
1209 1760 1293 1786 esse
1323 1747 1607 1785 attribuendum
1658 1744 1734 1780 iam

181 1815 475 1862 Woelt'ssinus³),
507 1826 619 1862 quem
652 1816 911 1853 Carolst'eldus
943 1819 1000 1852 est
1030 1820 1204 1860 secutus,
1253 1824 1322 1850 suo
1354 1813 1437 1850 iure
1467 1809 1645 1848 obtinuit.
1678 1829 1732 1835 —

184 1879 420 1918 Accedamus
450 1881 588 1918 deinde
637 1881 682 1918 ad
724 1881 926 1918 Historias.
988 1881 1118 1925 ‚Loco
1161 1880 1400 1917 libertatis
1448 1877 1552 1921 erit,
1611 1876 1731 1922 quod

187 1945 310 1992 eligi
368 1946 606 1993 coepimus
656 1950 697 1983 et
741 1946 874 1983 finita
906 1945 1131 1982 Iuliorum
1162 1943 1551 1989 Claudiorumque
1602 1942 1732 1978 domo

186 2010 412 2057 optimum
442 2022 671 2059 quemque
700 2012 900 2060 adoptio
933 2011 1209 2058 inveniet‘⁴)‚
1269 2010 1428 2048 Galbam
1461 2009 1571 2056 quasi
1601 2007 1733 2045 vatici-

186 2082 341 2114 nantem
390 2077 479 2114 t'acit
526 2077 691 2124 Tacitus,
746 2078 811 2125 qui
847 2077 1005 2123 Nervae,
1056 2077 1220 2122 Traiani,
1266 2075 1450 2113 Hadriani
1505 2074 1733 2122 adoptiones

187 2147 347 2180 noverat
375 2142 503 2190 itaque
532 2144 580 2180 ad
611 2154 739 2181 rerum
770 2153 906 2180 causas
936 2148 972 2180 et
1002 2153 1187 2180 conexum
1220 2146 1396 2190 spectans
1427 2140 1585 2178 minime
1615 2140 1727 2176 dubi-

187 2211 282 2248 tavit
311 2211 349 2247 id
380 2211 589 2248 attribuere
618 2210 775 2248 Galbae.

300 2274 421 2311 Porro
451 2274 484 2311 si
515 2274 692 2312 Pisonem
729 2273 907 2311 audimus
937 2271 1270 2320 exclamantem⁵lz
1324 2272 1487 2317 ‚minus
1537 2270 1739 2317 triginta

190 2339 463 2386 transfugae
507 2343 551 2375 et
593 2339 868 2376 desertores
914 2337 1165 2385 imperium
1215 2336 1566 2385 adsignabunt‘,
1615 2343 1742 2371 nonne

191 2405 470 2451 interrogamus
506 2403 647 2450 mirati,
691 2403 792 2440 unde
822 2402 910 2440 Piso
960 2412 1161 2439 numerum
1194 2401 1480 2439 coniuratorum
1531 2409 1614 2437 esse
1663 2404 1738 2435 tam

286 2514 320 2554 1)
346 2512 480 2545 Walter:
506 2514 524 2546 l.
552 2524 578 2546 c.
603 2514 644 2545 cf.
669 2514 760 2545 huius
785 2512 879 2545 libelli
905 2523 934 2553 p,
959 2513 990 2544 4.

284 2567 321 2608 2)
346 2569 417 2607 Agr.
443 2566 498 2610 31,
522 2568 552 2600 3.

282 2620 319 2658 3)
345 2621 378 2653 E.
405 2622 573 2655 Woelfflin:
599 2620 720 2653 Annall.
746 2621 909 2654 Bursiann.
941 2616 1081 2658 1874175
1106 2620 1126 2650 l.
1153 2618 1343 2650 Carolsseld:
1371 2619 1390 2650 l.
1416 2619 1435 2651 l.
1461 2630 1490 2660 p.
1517 2619 1546 2649 ἵ·

284 2678 322 2719 4)
348 2679 384 2710 Η.
411 2678 432 2719 1,
461 2677 512 2711 16.

284 2733 322 2773 5)
349 2734 384 2765 H.
411 2733 432 2773 Ι,
459 2730 512 2766 30.
