2062 3201
935 208 1211 249 —40—

405 331 611 368 Accuratas
657 331 794 378 legisse
853 332 1057 369 relationes
1117 334 1219 380 apud
1276 340 1450 372 auctores
1495 335 1669 376 Tacitum
1720 344 1838 386 patet.

294 396 391 440 Quid
423 408 512 434 vero
545 399 591 435 de
622 398 694 435 fide
725 409 855 436 earum
889 399 1133 435 iudicandum
1168 396 1255 436 est?
1305 401 1456 440 Tacitus
1487 404 1570 450 ipse
1615 406 1729 443 etiam
1760 417 1845 444 cum

292 464 485 502 orationes
534 466 800 513 componebat,
840 466 998 513 primas,
1047 471 1088 503 ut
1121 471 1250 513 postea
1300 471 1627 518 comprobabitur,
1668 475 1845 511 servabat

292 531 512 569 sententias.
573 532 702 580 Neque
732 538 789 571 est
819 534 921 580 quod
954 537 1129 570 auctores
1160 544 1178 569 a
1212 534 1277 570 tali
1303 545 1408 572 more
1428 539 1632 578 recessisse
1658 545 1849 588 putemus.

380 597 477 634 Ann.
510 599 537 645 Ι,
570 597 818 638 29:01211511s
865 605 949 637 orto
999 601 1060 638 die
1109 606 1145 637 et
1191 606 1321 638 vocata
1384 605 1565 643 contione
1616 617 1848 654 quamquam

678 669 811 706 rudis
843 668 1033 705 dicendi
1079 668 1279 705 nobilitate
1325 669 1489 717 ingenita
1532 672 1679 711 incusat
1711 675 1852 722 priora,

677 737 814 783 probat
846 736 1075 783 praesentia,
1114 740 1224 783 negat
1256 747 1297 773 se
1327 741 1473 776 terrore
1501 744 1537 776 et
1568 740 1680 778 minis
1724 742 1846 779 vinci:

678 804 797 840 flexos
829 804 876 840 ad
908 804 1134 841 modestiam
1165 803 1198 840 si
1232 803 1369 850 videat,
1411 805 1444 842 si
1475 807 1667 853 supplices
1697 808 1839 855 audiat,

677 870 908 918 scripturum
971 873 1082 918 patri,
1141 876 1182 907 ut
1240 871 1412 918 placatus
1471 873 1662 921 legionum
1724 887 1854 924 preces

679 938 882 984 exciperet..

580 1003 651 1042 34:
682 1013 772 1041 tunc
805 1016 825 1041 a
850 1005 1095 1043 veneratione
1121 1004 1282 1053 Augusti
1317 1017 1458 1046 orsus
1511 1009 1615 1047 flexit
1638 1010 1855 1058 (Germani-

680 1073 762 1119 cus)
792 1074 838 1109 ad
872 1072 1052 1110 victorias
1083 1072 1378 1120 triumphosque
1409 1075 1564 1114 Tiberii.

495 1142 545 1186 ΙΙ,
573 1137 645 1177 ὦῦε
679 1146 715 1177 at
748 1141 815 1177 Cn.
850 1140 936 1178 Piso
967 1170 975 1178 .
1010 1168 1018 1176 .
1053 1170 1060 1178 .
1095 1171 1103 1178 .
1136 1141 1326 1178 civitatem
1351 1142 1643 1181 Atheniensium
1676 1174 1853 1184 .....

680 1208 896 1245 oratione
949 1219 1086 1246 saeva
1134 1209 1317 1256 increpat,
1363 1210 1553 1256 oblique
1584 1212 1852 1250 Germanicum

678 1276 936 1324 obstringens,
968 1277 1070 1323 quod
1103 1306 1110 1313 .
1147 1306 1155 1314 .

568 1341 639 1382 58:
671 1344 717 1380 ad
751 1354 794 1381 ea
827 1344 1077 1381 Germanicus
1109 1344 1155 1381 de
1185 1344 1366 1381 societate
1396 1345 1655 1384 Romanorum
1689 1347 1849 1385 Paitho-

681 1422 844 1458 rumque
875 1411 1152 1459 magnifice,
1184 1413 1231 1449 de
1262 1413 1428 1449 adventu
1460 1414 1560 1461 regis
1592 1420 1627 1452 et
1658 1416 1760 1452 cultu
1793 1416 1852 1453 sui

680 1490 764 1516 cum
799 1479 935 1516 decore
964 1489 1007 1515 ac
1039 1479 1224 1516 modestia
1256 1480 1468 1526 respondit.

466 1546 546 1591 XV,
577 1545 648 1584 26:
681 1552 760 1583 tum
813 1547 1016 1584 lustratum
1046 1546 1117 1583 rite
1169 1547 1376 1584 exercitum
1410 1548 1458 1584 ad
1489 1549 1706 1586 contionem
1744 1554 1851 1586 vocat

680 1613 881 1661 (Corbulo)
905 1615 1129 1661 orditurque
1160 1613 1406 1662 magnifica
1438 1616 1485 1652 de
1514 1616 1697 1664 auspiciis
1730 1617 1850 1664 impc-

682 1682 821 1719 ratoris
852 1683 1044 1729 rebusque
1081 1692 1101 1718 a
1132 1692 1174 1719 se
1203 1682 1332 1729 gestis,
1376 1683 1541 1720 adversa
1586 1683 1624 1720 in
1655 1684 1843 1722 inscitIam

679 1750 784 1787 Paeti
814 1750 1023 1795 declinans,
1062 1750 1207 1786 multa
1241 1751 1549 1795 auctoritate,
1600 1761 1713 1797 quae
1743 1752 1846 1788 viro

680 1818 877 1856 militari
910 1828 990 1865 pro
1021 1818 1237 1855 facundia
1270 1823 1379 1855 erat.

463 1884 543 1930 XV,
575 1882 646 1924 28:
679 1886 765 1923 exin
821 1886 1018 1923 Romanus
1080 1884 1280 1935 (Corbulo)
1313 1885 1442 1922 laudat
1494 1885 1669 1922 iuvenem
1700 1885 1854 1923 omissis

675 1954 948 2002 praecipitibus
980 1958 1059 1991 tuta
1090 1959 1125 1990 et
1155 1953 1338 1991 salutaria
1370 1957 1645 1999 capessentem.

404 2018 585 2067 Corbulo,
618 2021 676 2058 vir
706 2021 898 2068 militaris,
945 2021 1242 2059 commentarios
1271 2031 1362 2059 suos
1393 2020 1476 2057 sine
1508 2024 1589 2057 arte
1619 2020 1844 2068 conscripsit

290 2088 493 2126 rhetorica.
554 2088 682 2136 Neque
729 2089 842 2136 igitur
873 2090 1066 2126 orationes
1111 2089 1344 2136 compositas
1384 2087 1556 2125 inseruit.
1619 2087 1669 2125 Eo
1716 2089 1836 2126 maior

293 2159 361 2195 suit
393 2158 476 2196 eius
507 2157 769 2204 auctoritas.¹)

413 2316 456 2353 ll.
492 2316 536 2362 11,
569 2312 640 2352 ⁶21:
676 2315 869 2362 utrimque
901 2314 1036 2361 pudor,
1085 2313 1276 2360 utrimque
1313 2312 1433 2360 gloria
1485 2318 1521 2350 et
1553 2313 1727 2351 diversae
1782 2325 1847 2351 cx-

677 2382 929 2429 bortationes,
978 2382 1066 2418 hinc
1097 2381 1288 2429 legionum
1335 2385 1370 2417 et
1400 2380 1616 2418 Germanici
1647 2382 1837 2420 exercitus

677 2451 808 2494 robur,
842 2450 930 2487 inde
961 2449 1131 2486 urbanae
1150 2448 1308 2486 militiae
1339 2453 1374 2485 et
1405 2449 1683 2496 praetoriarum
1709 2449 1845 2487 cohor-

677 2518 771 2554 tium
805 2518 920 2554 decus
951 2516 1227 2562 attollentium;
1266 2516 1320 2553 illi
1351 2520 1391 2553 ut
1422 2527 1575 2564 segnem
1609 2522 1645 2554 et
1675 2517 1843 2554 desidem

385 2629 418 2669 1)
442 2635 541 2671 praet.
567 2629 606 2660 cr.
634 2629 671 2660 n.
710 2628 730 2669 1,
758 2626 811 2658 66.
838 2628 889 2659 ee.
929 2627 960 2669 ιι,
997 2625 1048 2658 20.
1075 2627 1128 2659 23.
1154 2624 1206 2660 30.
1239 2625 1292 2658 44.
1324 2624 1396 2659 100.
1420 2627 1466 2668 ιιι,
1493 2628 1522 2660 3.
1555 2627 1603 2658 13.
1631 2626 1686 2659 24.
1713 2627 1764 2659 57.
1791 2627 1845 2658 δυ.

292 2686 343 2717 63.
373 2685 424 2718 τε.
452 2686 505 2718 sl.
532 2684 584 2717 82.
611 2685 654 2727 iv,
686 2683 732 2715 13.
765 2684 812 2715 19.
839 2684 890 2716 25.
918 2684 970 2715 31.
1003 2684 1056 2715 32.
1083 2685 1136 2716 ⁴6.
1162 2684 1213 2716 72.
1257 2686 1334 2715 Ann.
1364 2683 1383 2724 l,
1416 2684 1465 2715 ιε).
1491 2683 1544 2715 39.
1571 2684 1625 2715 45.
1651 2682 1703 2716 67.
1730 2683 1759 2725 ιι,
1792 2684 1839 2715 14.

292 2742 344 2773 05.
372 2741 424 2775 72,
450 2742 508 2784 ΧΗ,
533 2742 585 2774 is.
613 2742 671 2782 xv,
703 2740 753 2771 13.
786 2740 832 2772 14.
868 2741 915 2772 ιτ.
