<?xml version="1.0" encoding="UTF-8"?>
<!DOCTYPE html PUBLIC "-//W3C//DTD XHTML 1.0 Transitional//EN"
    "http://www.w3.org/TR/xhtml1/DTD/xhtml1-transitional.dtd">
<html xmlns="http://www.w3.org/1999/xhtml" xml:lang="en" lang="en">
 <head>
  <title>
</title>
<meta http-equiv="Content-Type" content="text/html;charset=utf-8" />
  <meta name='ocr-system' content='tesseract 3.04.00' />
  <meta name='ocr-capabilities' content='ocr_page ocr_carea ocr_par ocr_line ocrx_word'/>
</head>
<body>
  <div class='ocr_page' id='page_1' title='image "./deorationibusset00anacuoft_0022.png"; bbox 0 0 2062 3201; ppageno 0'>
   <div class='ocr_carea' id='block_1_1' title="bbox 287 327 1859 2464">
    <p class='ocr_par' dir='ltr' id='par_1_1' title="bbox 404 327 1847 715">
     <span class='ocr_line' id='line_1_1' title="bbox 404 327 1846 379; baseline 0.004 -13"><span class='ocrx_word' id='word_1_1' title='bbox 404 330 500 367; x_wconf 68' lang='lat' dir='ltr'>Ami.</span> <span class='ocrx_word' id='word_1_2' title='bbox 535 330 561 374; x_wconf 85' lang='lat'>1,</span> <span class='ocrx_word' id='word_1_3' title='bbox 599 327 638 369; x_wconf 79' lang='lat'>1:</span> <span class='ocrx_word' id='word_1_4' title='bbox 670 330 849 367; x_wconf 85' lang='lat' dir='ltr'>Tiberii</span> <span class='ocrx_word' id='word_1_5' title='bbox 887 330 1067 378; x_wconf 85' lang='lat' dir='ltr'>Gaique</span> <span class='ocrx_word' id='word_1_6' title='bbox 1119 337 1164 369; x_wconf 85' lang='lat' dir='ltr'>et</span> <span class='ocrx_word' id='word_1_7' title='bbox 1209 332 1397 369; x_wconf 82' lang='lat' dir='ltr'>Claudii</span> <span class='ocrx_word' id='word_1_8' title='bbox 1446 343 1498 370; x_wconf 85' lang='lat' dir='ltr'>ac</span> <span class='ocrx_word' id='word_1_9' title='bbox 1529 333 1731 373; x_wconf 86' lang='lat' dir='ltr'>Neronis</span> <span class='ocrx_word' id='word_1_10' title='bbox 1773 345 1846 379; x_wconf 81' lang='lat' dir='ltr'>res,</span> 
     </span>
     <span class='ocr_line' id='line_1_2' title="bbox 675 396 1847 449; baseline 0.005 -17"><span class='ocrx_word' id='word_1_11' title='bbox 675 396 901 436; x_wconf 77' lang='lat' dir='ltr'>florentibus</span> <span class='ocrx_word' id='word_1_12' title='bbox 976 399 1070 446; x_wconf 88' lang='lat' dir='ltr'>ipsis</span> <span class='ocrx_word' id='word_1_13' title='bbox 1133 400 1181 435; x_wconf 86' lang='lat' dir='ltr'>ob</span> <span class='ocrx_word' id='word_1_14' title='bbox 1243 405 1384 436; x_wconf 91' lang='lat' dir='ltr'>metum</span> <span class='ocrx_word' id='word_1_15' title='bbox 1451 400 1582 446; x_wconf 83' lang='lat' dir='ltr'>falsae,</span> <span class='ocrx_word' id='word_1_16' title='bbox 1643 407 1847 449; x_wconf 79' lang='lat' dir='ltr'>postquam</span> 
     </span>
     <span class='ocr_line' id='line_1_3' title="bbox 673 463 1843 514; baseline 0.005 -14"><span class='ocrx_word' id='word_1_17' title='bbox 673 463 905 510; x_wconf 76' lang='lat' dir='ltr'>occiderant,</span> <span class='ocrx_word' id='word_1_18' title='bbox 938 466 1156 503; x_wconf 77' lang='lat' dir='ltr'><strong>recentibus</strong></span> <span class='ocrx_word' id='word_1_19' title='bbox 1188 465 1286 503; x_wconf 87' lang='lat' dir='ltr'>odiis</span> <span class='ocrx_word' id='word_1_20' title='bbox 1318 467 1552 514; x_wconf 80' lang='lat' dir='ltr'>compositae</span> <span class='ocrx_word' id='word_1_21' title='bbox 1588 477 1689 508; x_wconf 85' lang='lat' dir='ltr'>sunt.</span> <span class='ocrx_word' id='word_1_22' title='bbox 1751 470 1843 507; x_wconf 83' lang='lat' dir='ltr'>Inde</span> 
     </span>
     <span class='ocr_line' id='line_1_4' title="bbox 673 528 1846 581; baseline 0.006 -14"><span class='ocrx_word' id='word_1_23' title='bbox 673 531 876 569; x_wconf 86' lang='lat' dir='ltr'>consilium</span> <span class='ocrx_word' id='word_1_24' title='bbox 939 533 1030 570; x_wconf 83' lang='lat' dir='ltr'>mihi</span> <span class='ocrx_word' id='word_1_25' title='bbox 1081 543 1200 580; x_wconf 84' lang='lat' dir='ltr'>pauca</span> <span class='ocrx_word' id='word_1_26' title='bbox 1251 534 1297 570; x_wconf 92' lang='lat' dir='ltr'>de</span> <span class='ocrx_word' id='word_1_27' title='bbox 1358 535 1530 581; x_wconf 78' lang='lat' dir='ltr'>Augusto</span> <span class='ocrx_word' id='word_1_28' title='bbox 1590 528 1631 573; x_wconf 31' lang='lat' dir='ltr'>et*</span> <span class='ocrx_word' id='word_1_29' title='bbox 1677 542 1846 574; x_wconf 79' lang='lat' dir='ltr'>extrema</span> 
     </span>
     <span class='ocr_line' id='line_1_5' title="bbox 674 599 1842 648; baseline 0.005 -14"><span class='ocrx_word' id='word_1_30' title='bbox 674 599 836 645; x_wconf 73' lang='lat' dir='ltr'>tradere,</span> <span class='ocrx_word' id='word_1_31' title='bbox 870 611 958 637; x_wconf 80' lang='lat' dir='ltr'>mox</span> <span class='ocrx_word' id='word_1_32' title='bbox 989 600 1131 638; x_wconf 80' lang='lat' dir='ltr'>Tiberii</span> <span class='ocrx_word' id='word_1_33' title='bbox 1165 612 1200 647; x_wconf 67' lang='lat' dir='ltr'>p.</span> <span class='ocrx_word' id='word_1_34' title='bbox 1227 600 1418 648; x_wconf 87' lang='lat' dir='ltr'>ncipatum</span> <span class='ocrx_word' id='word_1_35' title='bbox 1451 607 1487 639; x_wconf 90' lang='lat' dir='ltr'>ct</span> <span class='ocrx_word' id='word_1_36' title='bbox 1518 607 1641 640; x_wconf 87' lang='lat' dir='ltr'>cetera</span> <span class='ocrx_word' id='word_1_37' title='bbox 1673 604 1756 642; x_wconf 88' lang='lat' dir='ltr'>sine</span> <span class='ocrx_word' id='word_1_38' title='bbox 1789 605 1842 641; x_wconf 87' lang='lat' dir='ltr'>ira</span> 
     </span>
     <span class='ocr_line' id='line_1_6' title="bbox 676 667 1578 715; baseline 0.004 -13"><span class='ocrx_word' id='word_1_39' title='bbox 676 670 711 702; x_wconf 86' lang='lat' dir='ltr'>ct</span> <span class='ocrx_word' id='word_1_40' title='bbox 739 667 880 712; x_wconf 83' lang='lat' dir='ltr'>studio,</span> <span class='ocrx_word' id='word_1_41' title='bbox 911 678 1075 714; x_wconf 84' lang='lat' dir='ltr'>quorum</span> <span class='ocrx_word' id='word_1_42' title='bbox 1107 679 1244 705; x_wconf 83' lang='lat' dir='ltr'>causas</span> <span class='ocrx_word' id='word_1_43' title='bbox 1277 669 1408 715; x_wconf 92' lang='lat' dir='ltr'>procul</span> <span class='ocrx_word' id='word_1_44' title='bbox 1440 669 1578 707; x_wconf 81' lang='lat' dir='ltr'>habeo.</span> 
     </span>
    </p>

    <p class='ocr_par' dir='ltr' id='par_1_2' title="bbox 287 730 1859 1921">
     <span class='ocr_line' id='line_1_7' title="bbox 402 730 1844 784; baseline 0.004 -16"><span class='ocrx_word' id='word_1_45' title='bbox 402 730 468 768; x_wconf 78' lang='lat' dir='ltr'>Sui</span> <span class='ocrx_word' id='word_1_46' title='bbox 500 732 627 778; x_wconf 86' lang='lat' dir='ltr'>operis</span> <span class='ocrx_word' id='word_1_47' title='bbox 659 733 846 781; x_wconf 86' lang='lat' dir='ltr'>principio</span> <span class='ocrx_word' id='word_1_48' title='bbox 876 735 1028 772; x_wconf 79' lang='lat' dir='ltr'>Tacitus</span> <span class='ocrx_word' id='word_1_49' title='bbox 1059 735 1282 782; x_wconf 75' lang='lat' dir='ltr'>scriptores,</span> <span class='ocrx_word' id='word_1_50' title='bbox 1315 735 1378 782; x_wconf 80' lang='lat' dir='ltr'>qui</span> <span class='ocrx_word' id='word_1_51' title='bbox 1409 741 1497 773; x_wconf 84' lang='lat' dir='ltr'>ante</span> <span class='ocrx_word' id='word_1_52' title='bbox 1528 748 1570 774; x_wconf 86' lang='lat' dir='ltr'>sc</span> <span class='ocrx_word' id='word_1_53' title='bbox 1600 738 1646 774; x_wconf 85' lang='lat' dir='ltr'>de</span> <span class='ocrx_word' id='word_1_54' title='bbox 1678 737 1844 784; x_wconf 70' lang='lat' dir='ltr'>impera-</span> 
     </span>
     <span class='ocr_line' id='line_1_8' title="bbox 292 798 1845 852; baseline 0.005 -18"><span class='ocrx_word' id='word_1_55' title='bbox 292 798 441 835; x_wconf 82' lang='lat' dir='ltr'>toribus</span> <span class='ocrx_word' id='word_1_56' title='bbox 471 798 559 835; x_wconf 86' lang='lat' dir='ltr'>inde</span> <span class='ocrx_word' id='word_1_57' title='bbox 594 810 614 836; x_wconf 91' lang='lat' dir='ltr'>a</span> <span class='ocrx_word' id='word_1_58' title='bbox 647 799 800 838; x_wconf 84' lang='lat' dir='ltr'>Tiberio</span> <span class='ocrx_word' id='word_1_59' title='bbox 832 814 953 849; x_wconf 87' lang='lat' dir='ltr'>usquc</span> <span class='ocrx_word' id='word_1_60' title='bbox 983 804 1030 839; x_wconf 88' lang='lat' dir='ltr'>ad</span> <span class='ocrx_word' id='word_1_61' title='bbox 1064 803 1225 841; x_wconf 85' lang='lat' dir='ltr'>Neronis</span> <span class='ocrx_word' id='word_1_62' title='bbox 1255 808 1416 841; x_wconf 86' lang='lat' dir='ltr'>mortem</span> <span class='ocrx_word' id='word_1_63' title='bbox 1449 804 1687 852; x_wconf 70' lang='lat' dir='ltr'>scripserint,</span> <span class='ocrx_word' id='word_1_64' title='bbox 1721 809 1845 842; x_wconf 86' lang='lat' dir='ltr'>metus</span> 
     </span>
     <span class='ocr_line' id='line_1_9' title="bbox 287 865 1839 916; baseline 0.003 -15"><span class='ocrx_word' id='word_1_65' title='bbox 287 871 401 911; x_wconf 82' lang='lat' dir='ltr'>atque</span> <span class='ocrx_word' id='word_1_66' title='bbox 434 865 511 901; x_wconf 90' lang='lat' dir='ltr'>irae</span> <span class='ocrx_word' id='word_1_67' title='bbox 541 870 576 901; x_wconf 88' lang='lat' dir='ltr'>ct</span> <span class='ocrx_word' id='word_1_68' title='bbox 606 866 723 903; x_wconf 87' lang='lat' dir='ltr'>studii</span> <span class='ocrx_word' id='word_1_69' title='bbox 771 867 919 906; x_wconf 88' lang='lat' dir='ltr'>incusat</span> <span class='ocrx_word' id='word_1_70' title='bbox 947 881 991 907; x_wconf 82' lang='lat' dir='ltr'>ac</span> <span class='ocrx_word' id='word_1_71' title='bbox 1021 882 1060 906; x_wconf 86' lang='lat' dir='ltr'>se</span> <span class='ocrx_word' id='word_1_72' title='bbox 1094 870 1217 916; x_wconf 80' lang='lat' dir='ltr'>ipsum</span> <span class='ocrx_word' id='word_1_73' title='bbox 1265 869 1348 906; x_wconf 87' lang='lat' dir='ltr'>sine</span> <span class='ocrx_word' id='word_1_74' title='bbox 1399 870 1452 906; x_wconf 89' lang='lat' dir='ltr'>ira</span> <span class='ocrx_word' id='word_1_75' title='bbox 1486 875 1519 906; x_wconf 84' lang='lat' dir='ltr'>et</span> <span class='ocrx_word' id='word_1_76' title='bbox 1553 870 1682 907; x_wconf 85' lang='lat' dir='ltr'>studio</span> <span class='ocrx_word' id='word_1_77' title='bbox 1715 870 1839 907; x_wconf 84' lang='lat' dir='ltr'>denuo</span> 
     </span>
     <span class='ocr_line' id='line_1_10' title="bbox 290 933 1844 985; baseline 0.004 -16"><span class='ocrx_word' id='word_1_78' title='bbox 290 933 443 970; x_wconf 87' lang='lat' dir='ltr'>illorum</span> <span class='ocrx_word' id='word_1_79' title='bbox 474 933 679 970; x_wconf 77' lang='lat' dir='ltr'>Caesarum</span> <span class='ocrx_word' id='word_1_80' title='bbox 712 935 912 973; x_wconf 69' lang='lat' dir='ltr'>historizim</span> <span class='ocrx_word' id='word_1_81' title='bbox 944 940 1196 973; x_wconf 81' lang='lat' dir='ltr'>tractaturum</span> <span class='ocrx_word' id='word_1_82' title='bbox 1230 947 1313 974; x_wconf 83' lang='lat' dir='ltr'>esse</span> <span class='ocrx_word' id='word_1_83' title='bbox 1339 937 1540 984; x_wconf 86' lang='lat' dir='ltr'>promittit.</span> <span class='ocrx_word' id='word_1_84' title='bbox 1601 938 1675 975; x_wconf 81' lang='lat' dir='ltr'>Res</span> <span class='ocrx_word' id='word_1_85' title='bbox 1708 948 1844 985; x_wconf 78' lang='lat' dir='ltr'>quam=</span> 
     </span>
     <span class='ocr_line' id='line_1_11' title="bbox 291 1001 1852 1052; baseline 0.003 -15"><span class='ocrx_word' id='word_1_86' title='bbox 291 1001 348 1037; x_wconf 71' lang='lat' dir='ltr'>vis</span> <span class='ocrx_word' id='word_1_87' title='bbox 381 1001 427 1037; x_wconf 88' lang='lat' dir='ltr'>ita</span> <span class='ocrx_word' id='word_1_88' title='bbox 459 1012 500 1038; x_wconf 88' lang='lat' dir='ltr'>sc</span> <span class='ocrx_word' id='word_1_89' title='bbox 521 1001 673 1044; x_wconf 69' lang='lat' dir='ltr'>habeat„</span> <span class='ocrx_word' id='word_1_90' title='bbox 705 1007 832 1039; x_wconf 87' lang='lat' dir='ltr'>tamen</span> <span class='ocrx_word' id='word_1_91' title='bbox 864 1004 1071 1051; x_wconf 79' lang='lat' dir='ltr'>scriptores</span> <span class='ocrx_word' id='word_1_92' title='bbox 1104 1004 1340 1051; x_wconf 79' lang='lat' dir='ltr'>vituperatos</span> <span class='ocrx_word' id='word_1_93' title='bbox 1371 1005 1624 1052; x_wconf 73' lang='lat' dir='ltr'>exscripsisse</span> <span class='ocrx_word' id='word_1_94' title='bbox 1644 1005 1852 1043; x_wconf 82' lang='lat' dir='ltr'>verisimile</span> 
     </span>
     <span class='ocr_line' id='line_1_12' title="bbox 291 1066 1845 1118; baseline 0.003 -13"><span class='ocrx_word' id='word_1_95' title='bbox 291 1079 375 1105; x_wconf 82' lang='lat' dir='ltr'>csse</span> <span class='ocrx_word' id='word_1_96' title='bbox 404 1066 582 1105; x_wconf 71' lang='lat' dir='ltr'>videtur?</span> <span class='ocrx_word' id='word_1_97' title='bbox 640 1069 772 1107; x_wconf 76' lang='lat' dir='ltr'>Nonne</span> <span class='ocrx_word' id='word_1_98' title='bbox 818 1071 892 1107; x_wconf 91' lang='lat' dir='ltr'>iam</span> <span class='ocrx_word' id='word_1_99' title='bbox 945 1071 1016 1107; x_wconf 83' lang='lat' dir='ltr'>hoc</span> <span class='ocrx_word' id='word_1_100' title='bbox 1063 1077 1289 1118; x_wconf 67' lang='lat' dir='ltr'>argumento</span> <span class='ocrx_word' id='word_1_101' title='bbox 1336 1073 1505 1109; x_wconf 87' lang='lat' dir='ltr'>Tacitum</span> <span class='ocrx_word' id='word_1_102' title='bbox 1560 1078 1716 1111; x_wconf 82' lang='lat' dir='ltr'>senatus</span> <span class='ocrx_word' id='word_1_103' title='bbox 1763 1078 1845 1110; x_wconf 83' lang='lat' dir='ltr'>acta</span> 
     </span>
     <span class='ocr_line' id='line_1_13' title="bbox 290 1136 1850 1189; baseline 0.002 -15"><span class='ocrx_word' id='word_1_104' title='bbox 290 1137 556 1183; x_wconf 75' lang='lat' dir='ltr'>percensuisse</span> <span class='ocrx_word' id='word_1_105' title='bbox 587 1136 853 1174; x_wconf 74' lang='lat' dir='ltr'>convincitur?</span> <span class='ocrx_word' id='word_1_106' title='bbox 905 1141 1075 1182; x_wconf 78' lang='lat' dir='ltr'>Quorum</span> <span class='ocrx_word' id='word_1_107' title='bbox 1108 1150 1339 1186; x_wconf 81' lang='lat' dir='ltr'>quamquam</span> <span class='ocrx_word' id='word_1_108' title='bbox 1385 1145 1580 1177; x_wconf 79' lang='lat' dir='ltr'>curatores</span> <span class='ocrx_word' id='word_1_109' title='bbox 1612 1152 1630 1176; x_wconf 87' lang='lat' dir='ltr'>a</span> <span class='ocrx_word' id='word_1_110' title='bbox 1668 1140 1850 1189; x_wconf 86' lang='lat' dir='ltr'>principi-</span> 
     </span>
     <span class='ocr_line' id='line_1_14' title="bbox 291 1203 1851 1253; baseline 0.002 -14"><span class='ocrx_word' id='word_1_111' title='bbox 291 1203 362 1239; x_wconf 80' lang='lat' dir='ltr'>bus</span> <span class='ocrx_word' id='word_1_112' title='bbox 395 1203 542 1242; x_wconf 75' lang='lat' dir='ltr'>,delecti</span> <span class='ocrx_word' id='word_1_113' title='bbox 575 1215 707 1240; x_wconf 87' lang='lat' dir='ltr'>eorum</span> <span class='ocrx_word' id='word_1_114' title='bbox 749 1204 1014 1242; x_wconf 83' lang='lat' dir='ltr'>meditationes</span> <span class='ocrx_word' id='word_1_115' title='bbox 1053 1205 1305 1253; x_wconf 78' lang='lat' dir='ltr'>introspicere</span> <span class='ocrx_word' id='word_1_116' title='bbox 1349 1204 1679 1253; x_wconf 72' lang='lat' dir='ltr'>c1·edel›antui·‘²),</span> <span class='ocrx_word' id='word_1_117' title='bbox 1726 1213 1851 1244; x_wconf 83' lang='lat' dir='ltr'>tamen</span> 
     </span>
     <span class='ocr_line' id='line_1_15' title="bbox 289 1270 1850 1320; baseline 0.002 -13"><span class='ocrx_word' id='word_1_118' title='bbox 289 1271 372 1307; x_wconf 74' lang='lat' dir='ltr'>sine</span> <span class='ocrx_word' id='word_1_119' title='bbox 403 1270 519 1307; x_wconf 84' lang='lat' dir='ltr'>dubio</span> <span class='ocrx_word' id='word_1_120' title='bbox 551 1271 770 1318; x_wconf 83' lang='lat' dir='ltr'>incorrupte</span> <span class='ocrx_word' id='word_1_121' title='bbox 792 1276 905 1318; x_wconf 78' lang='lat' dir='ltr'>atque</span> <span class='ocrx_word' id='word_1_122' title='bbox 937 1272 1082 1318; x_wconf 63' lang='lat' dir='ltr'>integre</span> <span class='ocrx_word' id='word_1_123' title='bbox 1098 1272 1286 1309; x_wconf 88' lang='lat' dir='ltr'>tradituro</span> <span class='ocrx_word' id='word_1_124' title='bbox 1315 1284 1553 1320; x_wconf 69' lang='lat' dir='ltr'>necjluaquam</span> <span class='ocrx_word' id='word_1_125' title='bbox 1587 1279 1695 1310; x_wconf 88' lang='lat' dir='ltr'>erant</span> <span class='ocrx_word' id='word_1_126' title='bbox 1723 1273 1850 1319; x_wconf 63' lang='lat' dir='ltr'>negle-</span> 
     </span>
     <span class='ocr_line' id='line_1_16' title="bbox 290 1337 1855 1386; baseline 0.001 -12"><span class='ocrx_word' id='word_1_127' title='bbox 290 1338 425 1381; x_wconf 60' lang='lat' dir='ltr'>⁴nenda.</span> <span class='ocrx_word' id='word_1_128' title='bbox 487 1337 640 1374; x_wconf 80' lang='lat' dir='ltr'>Minime</span> <span class='ocrx_word' id='word_1_129' title='bbox 667 1348 757 1373; x_wconf 64' lang='lat' dir='ltr'>vero</span> <span class='ocrx_word' id='word_1_130' title='bbox 789 1337 916 1374; x_wconf 86' lang='lat' dir='ltr'>Tacito</span> <span class='ocrx_word' id='word_1_131' title='bbox 946 1350 988 1375; x_wconf 79' lang='lat' dir='ltr'>ea</span> <span class='ocrx_word' id='word_1_132' title='bbox 1020 1343 1263 1376; x_wconf 87' lang='lat' dir='ltr'>contemnere</span> <span class='ocrx_word' id='word_1_133' title='bbox 1295 1340 1413 1383; x_wconf 74' lang='lat' dir='ltr'>licuit,</span> <span class='ocrx_word' id='word_1_134' title='bbox 1462 1339 1523 1386; x_wconf 82' lang='lat' dir='ltr'>qui</span> <span class='ocrx_word' id='word_1_135' title='bbox 1573 1339 1609 1376; x_wconf 92' lang='lat' dir='ltr'>in</span> <span class='ocrx_word' id='word_1_136' title='bbox 1642 1339 1855 1378; x_wconf 75' lang='lat' dir='ltr'>Annalibus</span> 
     </span>
     <span class='ocr_line' id='line_1_17' title="bbox 290 1403 1854 1453; baseline 0.001 -12"><span class='ocrx_word' id='word_1_137' title='bbox 290 1415 480 1441; x_wconf 80' lang='lat' dir='ltr'>summam</span> <span class='ocrx_word' id='word_1_138' title='bbox 512 1403 645 1440; x_wconf 82' lang='lat' dir='ltr'>tribuit</span> <span class='ocrx_word' id='word_1_139' title='bbox 678 1403 752 1439; x_wconf 73' lang='lat' dir='ltr'>vim</span> <span class='ocrx_word' id='word_1_140' title='bbox 786 1404 899 1440; x_wconf 83' lang='lat' dir='ltr'>rebus</span> <span class='ocrx_word' id='word_1_141' title='bbox 929 1403 1141 1447; x_wconf 80' lang='lat' dir='ltr'>internis.²)</span> <span class='ocrx_word' id='word_1_142' title='bbox 1202 1406 1259 1442; x_wconf 72' lang='lat' dir='ltr'>An</span> <span class='ocrx_word' id='word_1_143' title='bbox 1292 1405 1371 1442; x_wconf 79' lang='lat' dir='ltr'>lieri</span> <span class='ocrx_word' id='word_1_144' title='bbox 1404 1406 1539 1453; x_wconf 69' lang='lat' dir='ltr'>potuit,</span> <span class='ocrx_word' id='word_1_145' title='bbox 1563 1410 1603 1441; x_wconf 85' lang='lat' dir='ltr'>ut</span> <span class='ocrx_word' id='word_1_146' title='bbox 1635 1405 1681 1441; x_wconf 93' lang='lat' dir='ltr'>de</span> <span class='ocrx_word' id='word_1_147' title='bbox 1700 1405 1854 1443; x_wconf 88' lang='lat' dir='ltr'>Tiberio</span> 
     </span>
     <span class='ocr_line' id='line_1_18' title="bbox 293 1471 1849 1520; baseline 0.001 -12"><span class='ocrx_word' id='word_1_148' title='bbox 293 1474 431 1510; x_wconf 68' lang='lat' dir='ltr'>rectius</span> <span class='ocrx_word' id='word_1_149' title='bbox 465 1471 662 1509; x_wconf 69' lang='lat' dir='ltr'>iudicaret,</span> <span class='ocrx_word' id='word_1_150' title='bbox 701 1471 803 1516; x_wconf 78' lang='lat' dir='ltr'>quod</span> <span class='ocrx_word' id='word_1_151' title='bbox 842 1471 1042 1517; x_wconf 79' lang='lat' dir='ltr'>promittit,</span> <span class='ocrx_word' id='word_1_152' title='bbox 1084 1482 1197 1518; x_wconf 80' lang='lat' dir='ltr'>quam</span> <span class='ocrx_word' id='word_1_153' title='bbox 1229 1473 1346 1509; x_wconf 82' lang='lat' dir='ltr'>ceteri</span> <span class='ocrx_word' id='word_1_154' title='bbox 1379 1473 1599 1520; x_wconf 80' lang='lat' dir='ltr'>scriptores,</span> <span class='ocrx_word' id='word_1_155' title='bbox 1629 1472 1659 1507; x_wconf 87' lang='lat' dir='ltr'>si</span> <span class='ocrx_word' id='word_1_156' title='bbox 1693 1477 1849 1509; x_wconf 86' lang='lat' dir='ltr'>senatus</span> 
     </span>
     <span class='ocr_line' id='line_1_19' title="bbox 290 1534 1852 1585; baseline 0.001 -11"><span class='ocrx_word' id='word_1_157' title='bbox 290 1538 586 1576; x_wconf 71' lang='lat' dir='ltr'>conmienlarios</span> <span class='ocrx_word' id='word_1_158' title='bbox 638 1534 856 1573; x_wconf 78' lang='lat' dir='ltr'>omitteret?</span> <span class='ocrx_word' id='word_1_159' title='bbox 909 1538 1041 1575; x_wconf 83' lang='lat' dir='ltr'>Nonne</span> <span class='ocrx_word' id='word_1_160' title='bbox 1092 1538 1147 1574; x_wconf 89' lang='lat' dir='ltr'>illi</span> <span class='ocrx_word' id='word_1_161' title='bbox 1209 1539 1397 1585; x_wconf 80' lang='lat' dir='ltr'>quaedam</span> <span class='ocrx_word' id='word_1_162' title='bbox 1460 1544 1561 1577; x_wconf 87' lang='lat' dir='ltr'>metu</span> <span class='ocrx_word' id='word_1_163' title='bbox 1613 1544 1678 1575; x_wconf 88' lang='lat' dir='ltr'>aut</span> <span class='ocrx_word' id='word_1_164' title='bbox 1726 1539 1852 1576; x_wconf 82' lang='lat' dir='ltr'>studio</span> 
     </span>
     <span class='ocr_line' id='line_1_20' title="bbox 290 1604 1858 1654; baseline 0.002 -12"><span class='ocrx_word' id='word_1_165' title='bbox 290 1608 517 1648; x_wconf 78' lang='lat' dir='ltr'>occultasse,</span> <span class='ocrx_word' id='word_1_166' title='bbox 561 1606 746 1652; x_wconf 78' lang='lat' dir='ltr'>quaedam</span> <span class='ocrx_word' id='word_1_167' title='bbox 797 1606 1050 1651; x_wconf 78' lang='lat' dir='ltr'>praedicando</span> <span class='ocrx_word' id='word_1_168' title='bbox 1106 1606 1360 1653; x_wconf 85' lang='lat' dir='ltr'>interpolasse</span> <span class='ocrx_word' id='word_1_169' title='bbox 1398 1604 1603 1654; x_wconf 72' lang='lat' dir='ltr'>poterant?</span> <span class='ocrx_word' id='word_1_170' title='bbox 1663 1606 1786 1654; x_wconf 74' lang='lat' dir='ltr'>Atque</span> <span class='ocrx_word' id='word_1_171' title='bbox 1818 1618 1858 1645; x_wconf 88' lang='lat' dir='ltr'>re</span> 
     </span>
     <span class='ocr_line' id='line_1_21' title="bbox 295 1672 1859 1721; baseline -0.001 -9"><span class='ocrx_word' id='word_1_172' title='bbox 295 1688 382 1712; x_wconf 54' lang='lat' dir='ltr'>tera</span> <span class='ocrx_word' id='word_1_173' title='bbox 416 1686 480 1711; x_wconf 75' lang='lat' dir='ltr'>eos</span> <span class='ocrx_word' id='word_1_174' title='bbox 510 1674 560 1710; x_wconf 86' lang='lat' dir='ltr'>ila</span> <span class='ocrx_word' id='word_1_175' title='bbox 595 1673 728 1709; x_wconf 74' lang='lat' dir='ltr'>secisse</span> <span class='ocrx_word' id='word_1_176' title='bbox 744 1673 860 1709; x_wconf 82' lang='lat' dir='ltr'>Taciti</span> <span class='ocrx_word' id='word_1_177' title='bbox 897 1674 1075 1710; x_wconf 83' lang='lat' dir='ltr'>iudicium</span> <span class='ocrx_word' id='word_1_178' title='bbox 1109 1675 1346 1721; x_wconf 80' lang='lat' dir='ltr'>comprobat.</span> <span class='ocrx_word' id='word_1_179' title='bbox 1408 1674 1515 1711; x_wconf 84' lang='lat' dir='ltr'>Unde</span> <span class='ocrx_word' id='word_1_180' title='bbox 1548 1673 1581 1710; x_wconf 84' lang='lat' dir='ltr'>id</span> <span class='ocrx_word' id='word_1_181' title='bbox 1620 1674 1692 1711; x_wconf 84' lang='lat' dir='ltr'>sibi</span> <span class='ocrx_word' id='word_1_182' title='bbox 1724 1672 1859 1712; x_wconf 75' lang='lat' dir='ltr'>tinxit?</span> 
     </span>
     <span class='ocr_line' id='line_1_22' title="bbox 294 1740 1857 1789; baseline 0 -10"><span class='ocrx_word' id='word_1_183' title='bbox 294 1743 481 1779; x_wconf 74' lang='lat' dir='ltr'>Nimirum</span> <span class='ocrx_word' id='word_1_184' title='bbox 513 1752 557 1777; x_wconf 74' lang='lat' dir='ltr'>ex</span> <span class='ocrx_word' id='word_1_185' title='bbox 590 1740 821 1787; x_wconf 76' lang='lat' dir='ltr'>scriptorum</span> <span class='ocrx_word' id='word_1_186' title='bbox 867 1740 1036 1787; x_wconf 85' lang='lat' dir='ltr'>ipsorum</span> <span class='ocrx_word' id='word_1_187' title='bbox 1070 1742 1265 1788; x_wconf 84' lang='lat' dir='ltr'>operibus.</span> <span class='ocrx_word' id='word_1_188' title='bbox 1328 1743 1459 1789; x_wconf 85' lang='lat' dir='ltr'>ltaque</span> <span class='ocrx_word' id='word_1_189' title='bbox 1498 1743 1544 1780; x_wconf 90' lang='lat' dir='ltr'>de</span> <span class='ocrx_word' id='word_1_190' title='bbox 1580 1742 1734 1778; x_wconf 85' lang='lat' dir='ltr'>Taciti</span> <span class='ocrx_word' id='word_1_191' title='bbox 1773 1743 1857 1789; x_wconf 80' lang='lat' dir='ltr'>qui·</span> 
     </span>
     <span class='ocr_line' id='line_1_23' title="bbox 293 1808 1855 1857; baseline 0 -10"><span class='ocrx_word' id='word_1_192' title='bbox 293 1812 378 1847; x_wconf 83' lang='lat' dir='ltr'>dem</span> <span class='ocrx_word' id='word_1_193' title='bbox 413 1809 625 1846; x_wconf 71' lang='lat' dir='ltr'>Annalibus</span> <span class='ocrx_word' id='word_1_194' title='bbox 672 1809 732 1844; x_wconf 71' lang='lat' dir='ltr'>vix</span> <span class='ocrx_word' id='word_1_195' title='bbox 785 1808 883 1844; x_wconf 83' lang='lat' dir='ltr'>valet</span> <span class='ocrx_word' id='word_1_196' title='bbox 931 1808 1004 1852; x_wconf 75' lang='lat' dir='ltr'>lex,</span> <span class='ocrx_word' id='word_1_197' title='bbox 1053 1820 1166 1855; x_wconf 82' lang='lat' dir='ltr'>quam</span> <span class='ocrx_word' id='word_1_198' title='bbox 1214 1811 1260 1846; x_wconf 88' lang='lat' dir='ltr'>de</span> <span class='ocrx_word' id='word_1_199' title='bbox 1309 1811 1439 1847; x_wconf 79' lang='lat' dir='ltr'>Livio</span> <span class='ocrx_word' id='word_1_200' title='bbox 1491 1822 1532 1847; x_wconf 85' lang='lat' dir='ltr'>se</span> <span class='ocrx_word' id='word_1_201' title='bbox 1582 1811 1855 1857; x_wconf 73' lang='lat' dir='ltr'>comprobasse</span> 
     </span>
     <span class='ocr_line' id='line_1_24' title="bbox 294 1874 1415 1921; baseline 0 -6"><span class='ocrx_word' id='word_1_202' title='bbox 294 1879 478 1915; x_wconf 74' lang='lat' dir='ltr'>Nissenus</span> <span class='ocrx_word' id='word_1_203' title='bbox 511 1877 592 1914; x_wconf 84' lang='lat' dir='ltr'>iure</span> <span class='ocrx_word' id='word_1_204' title='bbox 622 1874 867 1921; x_wconf 76' lang='lat' dir='ltr'>(·ontendit³).</span> <span class='ocrx_word' id='word_1_205' title='bbox 928 1876 1047 1918; x_wconf 73' lang='lat' dir='ltr'>Quam</span> <span class='ocrx_word' id='word_1_206' title='bbox 1080 1877 1126 1912; x_wconf 87' lang='lat' dir='ltr'>ad</span> <span class='ocrx_word' id='word_1_207' title='bbox 1157 1888 1236 1914; x_wconf 91' lang='lat' dir='ltr'>rem</span> <span class='ocrx_word' id='word_1_208' title='bbox 1269 1878 1415 1915; x_wconf 69' lang='lat' dir='ltr'>redibo</span> 
     </span>
    </p>

    <p class='ocr_par' dir='ltr' id='par_1_3' title="bbox 295 1944 1859 2464">
     <span class='ocr_line' id='line_1_25' title="bbox 408 1944 1856 1991; baseline -0.001 -10"><span class='ocrx_word' id='word_1_209' title='bbox 408 1946 605 1981; x_wconf 66' lang='lat' dir='ltr'>Addamus</span> <span class='ocrx_word' id='word_1_210' title='bbox 635 1944 707 1981; x_wconf 87' lang='lat' dir='ltr'>alia</span> <span class='ocrx_word' id='word_1_211' title='bbox 733 1949 970 1990; x_wconf 65' lang='lat' dir='ltr'>argumenta.</span> <span class='ocrx_word' id='word_1_212' title='bbox 1032 1945 1130 1981; x_wconf 79' lang='lat' dir='ltr'>Sane</span> <span class='ocrx_word' id='word_1_213' title='bbox 1164 1957 1238 1983; x_wconf 88' lang='lat' dir='ltr'>uno</span> <span class='ocrx_word' id='word_1_214' title='bbox 1260 1950 1408 1983; x_wconf 87' lang='lat' dir='ltr'>tantum</span> <span class='ocrx_word' id='word_1_215' title='bbox 1440 1945 1536 1988; x_wconf 82' lang='lat' dir='ltr'>loco,</span> <span class='ocrx_word' id='word_1_216' title='bbox 1569 1955 1681 1991; x_wconf 88' lang='lat' dir='ltr'>quem</span> <span class='ocrx_word' id='word_1_217' title='bbox 1705 1950 1856 1981; x_wconf 84' lang='lat' dir='ltr'>mutare</span> 
     </span>
     <span class='ocr_line' id='line_1_26' title="bbox 296 2011 1852 2058; baseline -0.001 -8"><span class='ocrx_word' id='word_1_218' title='bbox 296 2025 371 2051; x_wconf 74' lang='lat' dir='ltr'>nen</span> <span class='ocrx_word' id='word_1_219' title='bbox 407 2014 505 2055; x_wconf 80' lang='lat' dir='ltr'>licet,</span> <span class='ocrx_word' id='word_1_220' title='bbox 537 2012 688 2048; x_wconf 79' lang='lat' dir='ltr'>&#39;facilus</span> <span class='ocrx_word' id='word_1_221' title='bbox 720 2016 799 2047; x_wconf 78' lang='lat' dir='ltr'>acta</span> <span class='ocrx_word' id='word_1_222' title='bbox 834 2015 990 2047; x_wconf 83' lang='lat' dir='ltr'>senatus</span> <span class='ocrx_word' id='word_1_223' title='bbox 1021 2022 1104 2047; x_wconf 86' lang='lat' dir='ltr'>sese</span> <span class='ocrx_word' id='word_1_224' title='bbox 1136 2013 1318 2050; x_wconf 83' lang='lat' dir='ltr'>habuisse</span> <span class='ocrx_word' id='word_1_225' title='bbox 1350 2013 1387 2049; x_wconf 90' lang='lat' dir='ltr'>in</span> <span class='ocrx_word' id='word_1_226' title='bbox 1421 2013 1596 2049; x_wconf 85' lang='lat' dir='ltr'>manibus</span> <span class='ocrx_word' id='word_1_227' title='bbox 1637 2011 1852 2058; x_wconf 78' lang='lat' dir='ltr'>testatui·.⁴)</span> 
     </span>
     <span class='ocr_line' id='line_1_27' title="bbox 296 2079 1856 2128; baseline -0.001 -10"><span class='ocrx_word' id='word_1_228' title='bbox 296 2082 362 2118; x_wconf 71' lang='lat' dir='ltr'>llic</span> <span class='ocrx_word' id='word_1_229' title='bbox 393 2080 565 2128; x_wconf 83' lang='lat' dir='ltr'>plerique</span> <span class='ocrx_word' id='word_1_230' title='bbox 595 2079 857 2125; x_wconf 72' lang='lat' dir='ltr'>exceptionem</span> <span class='ocrx_word' id='word_1_231' title='bbox 890 2084 1075 2116; x_wconf 81' lang='lat' dir='ltr'>statuunt.</span> <span class='ocrx_word' id='word_1_232' title='bbox 1137 2080 1180 2117; x_wconf 89' lang='lat' dir='ltr'>Ul</span> <span class='ocrx_word' id='word_1_233' title='bbox 1235 2090 1324 2117; x_wconf 74' lang='lat' dir='ltr'>vero</span> <span class='ocrx_word' id='word_1_234' title='bbox 1370 2091 1411 2117; x_wconf 90' lang='lat' dir='ltr'>ea</span> <span class='ocrx_word' id='word_1_235' title='bbox 1467 2079 1665 2128; x_wconf 81' lang='lat' dir='ltr'>explanari</span> <span class='ocrx_word' id='word_1_236' title='bbox 1722 2079 1856 2126; x_wconf 82' lang='lat' dir='ltr'>possit,</span> 
     </span>
     <span class='ocr_line' id='line_1_28' title="bbox 296 2145 1856 2194; baseline 0 -8"><span class='ocrx_word' id='word_1_237' title='bbox 296 2160 371 2187; x_wconf 86' lang='lat' dir='ltr'>non</span> <span class='ocrx_word' id='word_1_238' title='bbox 404 2150 613 2194; x_wconf 76' lang='lat' dir='ltr'>exponunt.</span> <span class='ocrx_word' id='word_1_239' title='bbox 676 2145 818 2182; x_wconf 75' lang='lat' dir='ltr'>lleinde</span> <span class='ocrx_word' id='word_1_240' title='bbox 863 2146 1089 2193; x_wconf 85' lang='lat' dir='ltr'>scriptorem</span> <span class='ocrx_word' id='word_1_241' title='bbox 1131 2147 1244 2184; x_wconf 85' lang='lat' dir='ltr'>etiam</span> <span class='ocrx_word' id='word_1_242' title='bbox 1295 2157 1378 2184; x_wconf 88' lang='lat' dir='ltr'>cum</span> <span class='ocrx_word' id='word_1_243' title='bbox 1427 2146 1576 2183; x_wconf 85' lang='lat' dir='ltr'>Claudii</span> <span class='ocrx_word' id='word_1_244' title='bbox 1606 2146 1856 2186; x_wconf 59' lang='lat' dir='ltr'>orationem-⁵)</span> 
     </span>
     <span class='ocr_line' id='line_1_29' title="bbox 296 2212 1858 2263; baseline -0.002 -10"><span class='ocrx_word' id='word_1_245' title='bbox 296 2220 556 2263; x_wconf 79' lang='lat' dir='ltr'>componeret,</span> <span class='ocrx_word' id='word_1_246' title='bbox 589 2214 792 2261; x_wconf 72' lang='lat' dir='ltr'>genuinam</span> <span class='ocrx_word' id='word_1_247' title='bbox 827 2212 1043 2261; x_wconf 78' lang='lat' dir='ltr'>inspexisse</span> <span class='ocrx_word' id='word_1_248' title='bbox 1074 2214 1316 2261; x_wconf 87' lang='lat' dir='ltr'>comprobari</span> <span class='ocrx_word' id='word_1_249' title='bbox 1359 2218 1494 2261; x_wconf 80' lang='lat' dir='ltr'>potest.</span> <span class='ocrx_word' id='word_1_250' title='bbox 1556 2213 1649 2250; x_wconf 83' lang='lat' dir='ltr'>Nam</span> <span class='ocrx_word' id='word_1_251' title='bbox 1687 2218 1858 2261; x_wconf 83' lang='lat' dir='ltr'>praeter-</span> 
     </span>
     <span class='ocr_line' id='line_1_30' title="bbox 297 2280 1859 2331; baseline -0.002 -10"><span class='ocrx_word' id='word_1_252' title='bbox 297 2295 410 2331; x_wconf 76' lang='lat' dir='ltr'>quam</span> <span class='ocrx_word' id='word_1_253' title='bbox 442 2283 541 2329; x_wconf 84' lang='lat' dir='ltr'>quod</span> <span class='ocrx_word' id='word_1_254' title='bbox 575 2281 777 2329; x_wconf 82' lang='lat' dir='ltr'>dispositio</span> <span class='ocrx_word' id='word_1_255' title='bbox 811 2291 853 2317; x_wconf 80' lang='lat' dir='ltr'>ac</span> <span class='ocrx_word' id='word_1_256' title='bbox 884 2282 1096 2319; x_wconf 84' lang='lat' dir='ltr'>sentcntiae</span> <span class='ocrx_word' id='word_1_257' title='bbox 1127 2282 1230 2319; x_wconf 86' lang='lat' dir='ltr'>illius</span> <span class='ocrx_word' id='word_1_258' title='bbox 1262 2281 1447 2318; x_wconf 80' lang='lat' dir='ltr'>orationis</span> <span class='ocrx_word' id='word_1_259' title='bbox 1478 2291 1498 2317; x_wconf 85' lang='lat' dir='ltr'>a</span> <span class='ocrx_word' id='word_1_260' title='bbox 1521 2281 1649 2318; x_wconf 85' lang='lat' dir='ltr'>Tacito</span> <span class='ocrx_word' id='word_1_261' title='bbox 1683 2280 1859 2318; x_wconf 78' lang='lat' dir='ltr'>insertae</span> 
     </span>
     <span class='ocr_line' id='line_1_31' title="bbox 295 2348 1847 2397; baseline -0.001 -10"><span class='ocrx_word' id='word_1_262' title='bbox 295 2352 448 2389; x_wconf 71' lang='lat' dir='ltr'>‹taedem</span> <span class='ocrx_word' id='word_1_263' title='bbox 481 2354 568 2387; x_wconf 86' lang='lat' dir='ltr'>sunt</span> <span class='ocrx_word' id='word_1_264' title='bbox 600 2354 714 2396; x_wconf 79' lang='lat' dir='ltr'>atque</span> <span class='ocrx_word' id='word_1_265' title='bbox 744 2348 932 2396; x_wconf 73' lang='lat' dir='ltr'>genuinae</span> <span class='ocrx_word' id='word_1_266' title='bbox 978 2349 1132 2386; x_wconf 83' lang='lat' dir='ltr'>tabulae</span> <span class='ocrx_word' id='word_1_267' title='bbox 1166 2349 1436 2397; x_wconf 70' lang='lat' dir='ltr'>Lugudunensi</span> <span class='ocrx_word' id='word_1_268' title='bbox 1471 2349 1696 2396; x_wconf 81' lang='lat' dir='ltr'>insculptae,</span> <span class='ocrx_word' id='word_1_269' title='bbox 1730 2349 1847 2386; x_wconf 84' lang='lat' dir='ltr'>etiam</span> 
     </span>
     <span class='ocr_line' id='line_1_32' title="bbox 296 2416 1676 2464; baseline -0.002 -8"><span class='ocrx_word' id='word_1_270' title='bbox 296 2420 427 2456; x_wconf 82' lang='lat' dir='ltr'>eadem</span> <span class='ocrx_word' id='word_1_271' title='bbox 460 2419 575 2454; x_wconf 71' lang='lat' dir='ltr'>verba</span> <span class='ocrx_word' id='word_1_272' title='bbox 610 2417 646 2454; x_wconf 91' lang='lat' dir='ltr'>in</span> <span class='ocrx_word' id='word_1_273' title='bbox 676 2416 846 2454; x_wconf 87' lang='lat' dir='ltr'>eiusdem</span> <span class='ocrx_word' id='word_1_274' title='bbox 880 2417 1065 2454; x_wconf 83' lang='lat' dir='ltr'>enuntiati</span> <span class='ocrx_word' id='word_1_275' title='bbox 1096 2417 1382 2455; x_wconf 85' lang='lat' dir='ltr'>constructione</span> <span class='ocrx_word' id='word_1_276' title='bbox 1414 2416 1676 2464; x_wconf 86' lang='lat' dir='ltr'>reperiuntur:</span> 
     </span>
    </p>
   </div>
   <div class='ocr_carea' id='block_1_2' title="bbox 385 2528 904 2779">
    <p class='ocr_par' dir='ltr' id='par_1_4' title="bbox 392 2528 746 2569">
     <span class='ocr_line' id='line_1_33' title="bbox 392 2528 746 2569; baseline -0.006 -8"><span class='ocrx_word' id='word_1_277' title='bbox 392 2530 423 2568; x_wconf 85' lang='lat' dir='ltr'>i)</span> <span class='ocrx_word' id='word_1_278' title='bbox 449 2531 520 2561; x_wconf 75' lang='lat' dir='ltr'>Tac.</span> <span class='ocrx_word' id='word_1_279' title='bbox 548 2530 627 2559; x_wconf 73' lang='lat' dir='ltr'>Anu.</span> <span class='ocrx_word' id='word_1_280' title='bbox 654 2530 688 2569; x_wconf 68' lang='lat' dir='ltr'>V,</span> <span class='ocrx_word' id='word_1_281' title='bbox 716 2528 746 2559; x_wconf 74' lang='lat'>4.</span> 
     </span>
    </p>

    <p class='ocr_par' dir='ltr' id='par_1_5' title="bbox 387 2577 904 2674">
     <span class='ocr_line' id='line_1_34' title="bbox 388 2577 904 2621; baseline -0.004 -8"><span class='ocrx_word' id='word_1_282' title='bbox 388 2582 424 2621; x_wconf 83' lang='lat'>2)</span> <span class='ocrx_word' id='word_1_283' title='bbox 449 2583 521 2613; x_wconf 71' lang='lat' dir='ltr'>Tac.</span> <span class='ocrx_word' id='word_1_284' title='bbox 547 2582 626 2612; x_wconf 71' lang='lat' dir='ltr'>Anu.</span> <span class='ocrx_word' id='word_1_285' title='bbox 652 2581 695 2621; x_wconf 68' lang='lat' dir='ltr'>lv,</span> <span class='ocrx_word' id='word_1_286' title='bbox 721 2580 774 2612; x_wconf 80' lang='lat'>32.</span> <span class='ocrx_word' id='word_1_287' title='bbox 806 2580 848 2614; x_wconf 74' lang='grc' dir='ltr'>Π,</span> <span class='ocrx_word' id='word_1_288' title='bbox 876 2577 904 2611; x_wconf 85' lang='grc'>7.</span> 
     </span>
     <span class='ocr_line' id='line_1_35' title="bbox 387 2632 834 2674; baseline -0.009 -10"><span class='ocrx_word' id='word_1_289' title='bbox 387 2636 423 2673; x_wconf 67' lang='lat'>25)</span> <span class='ocrx_word' id='word_1_290' title='bbox 450 2636 578 2666; x_wconf 66' lang='lat' dir='ltr'>Nissm:</span> <span class='ocrx_word' id='word_1_291' title='bbox 607 2635 624 2666; x_wconf 93' lang='grc'>1.</span> <span class='ocrx_word' id='word_1_292' title='bbox 657 2634 675 2665; x_wconf 84' lang='lat' dir='ltr'>l.</span> <span class='ocrx_word' id='word_1_293' title='bbox 704 2644 731 2674; x_wconf 87' lang='lat' dir='ltr'>p.</span> <span class='ocrx_word' id='word_1_294' title='bbox 759 2632 834 2665; x_wconf 73' lang='lat'>500,</span> 
     </span>
    </p>

    <p class='ocr_par' dir='ltr' id='par_1_6' title="bbox 385 2685 795 2727">
     <span class='ocr_line' id='line_1_36' title="bbox 385 2685 795 2727; baseline -0.007 -9"><span class='ocrx_word' id='word_1_295' title='bbox 385 2688 422 2727; x_wconf 75' lang='lat'>4)</span> <span class='ocrx_word' id='word_1_296' title='bbox 447 2689 518 2719; x_wconf 74' lang='lat' dir='ltr'>Tac.</span> <span class='ocrx_word' id='word_1_297' title='bbox 546 2689 626 2718; x_wconf 78' lang='lat' dir='ltr'>Anu.</span> <span class='ocrx_word' id='word_1_298' title='bbox 657 2687 714 2723; x_wconf 64' lang='lat' dir='ltr'>XV,</span> <span class='ocrx_word' id='word_1_299' title='bbox 741 2685 795 2716; x_wconf 67' lang='lat'>74.</span> 
     </span>
    </p>

    <p class='ocr_par' dir='ltr' id='par_1_7' title="bbox 390 2735 785 2779">
     <span class='ocr_line' id='line_1_37' title="bbox 390 2735 785 2779; baseline -0.003 -9"><span class='ocrx_word' id='word_1_300' title='bbox 390 2740 426 2778; x_wconf 76' lang='grc'>5)</span> <span class='ocrx_word' id='word_1_301' title='bbox 451 2741 522 2770; x_wconf 87' lang='lat' dir='ltr'>Tac.</span> <span class='ocrx_word' id='word_1_302' title='bbox 552 2740 628 2769; x_wconf 80' lang='lat' dir='ltr'>Ann.</span> <span class='ocrx_word' id='word_1_303' title='bbox 660 2738 707 2779; x_wconf 82' lang='lat' dir='ltr'>Xl,</span> <span class='ocrx_word' id='word_1_304' title='bbox 733 2735 785 2769; x_wconf 75' lang='lat'>24.</span> 
     </span>
    </p>
   </div>
   <div class='ocr_carea' id='block_1_3' title="bbox 1663 2778 1713 2817">
    <p class='ocr_par' dir='ltr' id='par_1_8' title="bbox 1663 2778 1713 2817">
     <span class='ocr_line' id='line_1_38' title="bbox 1663 2778 1713 2817; baseline 0 -15"><span class='ocrx_word' id='word_1_305' title='bbox 1663 2778 1713 2817; x_wconf 78' lang='lat'>2*</span> 
     </span>
    </p>
   </div>
  </div>
 </body>
</html>
