2062 3201
942 182 1219 223 -26-

502 306 563 352 lv,
594 302 637 342 4:
669 305 813 341 addidit
844 306 1055 343 orationem
1092 307 1232 345 Caesar
1265 309 1381 345 multa
1414 319 1500 344 cum
1532 307 1644 344 laude
1675 306 1741 343 filii
1770 307 1842 352 sui,

674 373 773 419 quod
808 372 928 419 patria
960 374 1214 412 benivolentia
1249 376 1286 412 in
1319 375 1447 412 fratris
1479 376 1621 413 liberos
1650 375 1760 411 soret.

576 436 648 477 70:
680 444 833 477 secutae
865 440 1021 487 insuper
1044 441 1176 478 literae
1193 447 1319 489 grates
1340 442 1499 489 agentis,
1531 443 1632 490 quod
1650 441 1842 479 hominem

675 507 864 544 insensum
899 508 951 545 rei
984 509 1159 555 publicae
1190 510 1442 556 punivissent,
1479 508 1843 555 adiectotrepidam

679 574 756 610 sibi
805 575 934 618 vitain,
984 580 1182 622 suspectas
1227 576 1466 614 inimicorum
1519 576 1689 620 insidias,
1742 576 1848 612 nullo

675 642 951 679 nominatim
985 643 1213 690 conpellato.

511 705 554 749 V,
586 707 629 747 2:
661 713 699 745 at
727 709 916 754 Tiberius,
961 710 1061 757 ιμιοιί
1095 711 1285 757 supremis
1322 711 1358 748 in
1408 715 1566 747 matrem
1606 710 1740 748 officiis
1772 711 1837 747 ‹le-

675 775 809 812 fuisset.
841 806 849 813 .
883 806 890 813 .
925 806 933 814 .
967 806 975 820 ,
1008 777 1306 824 magnitudinem
1342 778 1580 826 negotiorum
1615 789 1680 825 per
1712 777 1841 813 literas

674 843 899 880 excusavit.
933 874 941 881 .
976 845 1102 888 ,Quin
1136 850 1179 882 et
1211 851 1341 892 parte
1365 846 1572 883 eiusdem
1605 844 1847 892 epistulae

678 910 865 958 increpuit
908 912 1094 949 amicitias
1156 913 1376 957 muliebres,
1443 913 1589 951 Fufium
1646 913 1842 949 consulem

677 988 698 1015 ο
710 979 732 1014 b
746 979 755 1014 l
767 979 775 1014 i
786 989 807 1025 q
819 990 841 1015 u
852 990 871 1016 e
902 980 1176 1028 perstringens.

599 1044 640 1083 3:
673 1045 889 1092 missaeque
920 1047 955 1083 in
971 1047 1219 1095 Agrippinam
1241 1060 1284 1085 ae
1307 1049 1494 1086 Neronem
1514 1049 1657 1091 literae*
1690 1058 1811 1093 quas,
1839 1076 1848 1085 .

679 1113 825 1150 Verba
861 1114 1046 1151 inerant
1091 1116 1307 1161 quaesita
1348 1117 1627 1163 asperitate,
1676 1116 1741 1152 sed
1776 1125 1849 1151 non

677 1191 796 1222 arina,
843 1191 918 1217 non
951 1194 1075 1219 rerum
1109 1194 1293 1220 novarum
1328 1184 1510 1225 studium,
1559 1194 1708 1220 amores
1742 1183 1846 1218 iux-e-

679 1258 767 1283 num
803 1277 810 1285 .
844 1277 852 1286 .
888 1279 895 1286 .
933 1279 940 1286 .
974 1250 1189 1286 obiectabat

491 1314 550 1358 Vl,
582 1311 626 1352 ὗε
660 1326 727 1351 nee
759 1317 878 1353 inulto
912 1322 993 1364 post
1027 1317 1159 1355 literae
1190 1319 1428 1363 :ult'eruntuig
1462 1318 1602 1364 quibus
1625 1317 1662 1354 in
1688 1317 1841 1353 modum

677 1384 910 1421 defensionis
959 1384 1118 1431 repetito
1149 1385 1246 1422 iuter
1292 1398 1333 1423 se
1366 1415 1583 1423 ......
1617 1382 1838 1432 postulavit.

671 1451 856 1498 Insigne
889 1452 1033 1489 visum
1068 1458 1137 1489 est
1169 1464 1325 1490 earum
1351 1453 1570 1490 Caesaris
1605 1453 1844 1488 literarum

670 1519 872 1563 initium;
906 1530 991 1555 nam
1026 1519 1084 1555 liis
1117 1521 1244 1557 verbis
1271 1532 1430 1559 exorsus
1451 1526 1525 1558 est:
1558 1520 1656 1564 Quid
1679 1520 1843 1556 scribam

671 1586 794 1631 vobis,
829 1591 954 1633 patres
985 1588 1205 1634 conscripti,
1251 1594 1313 1625 aut
1347 1589 1539 1636 ‹spiomodo
1579 1587 1743 1625 scribam
1777 1592 1839 1623 aut

673 1654 761 1701 quid
810 1654 965 1691 omnino
1012 1666 1087 1691 non
1136 1655 1300 1692 scribam
1354 1658 1423 1693 lioe
1471 1662 1654 1703 tempore,
1701 1654 1737 1690 di
1789 1665 1846 1691 me

671 1722 840 1768 deaeque
886 1721 992 1768 peius
1043 1723 1215 1769 perdant,
1260 1735 1372 1770 quam
1425 1724 1548 1771 perire
1602 1734 1661 1760 me
1707 1722 1848 1759 cotidie

672 1791 810 1833 sentio,
841 1789 873 1826 si
904 1789 983 1826 seio
1006 1788 1035 1836 ¹)

406 1856 511 1893 Sicut
542 1857 712 1894 Tacitum
767 1857 831 1895 uni
878 1858 971 1894 fonti
1003 1858 1193 1895 serviliter
1230 1870 1271 1896 se
1302 1859 1497 1896 addixisse
1528 1868 1650 1905 neque
1679 1868 1762 1903 suo,
1810 1858 1841 1894 si

293 1922 462 1967 licuerat,
515 1924 654 1962 iudicio
698 1936 781 1963 esse
837 1936 947 1961 usum
979 1926 1180 1973 probabile
1211 1938 1287 1964 non
1333 1938 1417 1963 esse
1449 1926 1611 1969 videtur,
1665 1925 1712 1961 ita
1769 1936 1844 1961 non

294 1990 421 2027 minus
454 2002 675 2037 perversum
709 1998 901 2039 putamus,
932 1993 963 2029 si
996 1993 1082 2039 quis
1114 1994 1240 2031 omnia
1276 1995 1427 2036 iudicia,
1459 2004 1555 2041 quae
1586 1994 1632 2030 de
1663 1993 1848 2029 orationi-

293 2058 365 2094 hus
397 2060 497 2105 apud
543 2065 670 2106 patres
719 2060 860 2097 habitis
893 2061 1149 2107 reperiuntur,
1195 2073 1214 2098 a
1248 2062 1376 2099 'l'aeito
1424 2063 1575 2099 demum
1623 2071 1706 2098 esse
1754 2061 1848 2097 faeta

294 2125 476 2162 obtineat.
537 2127 732 2163 Summam
767 2134 896 2166 noster
917 2129 1050 2165 tribuit
1085 2130 1158 2166 vim
1187 2130 1410 2167 auctoribus
1438 2128 1699 2166 conferendis:
1734 2129 1847 2165 simul

296 2204 385 2229 xero
417 2198 497 2229 acia
529 2199 684 2231 senatus
716 2195 895 2242 inspexit.

409 2260 560 2307 Insigne
591 2262 713 2299 visum
746 2262 820 2300 est!
875 2264 1027 2300 Initium
1067 2274 1196 2301 earum
1240 2265 1381 2301 Tiberii
1428 2264 1625 2301 literarum
1679 2265 1750 2301 iam
1803 2266 1849 2302 ab

296 2328 519 2365 mustei-ibus
550 2329 719 2365 adlatum
751 2330 902 2367 'l'aeitus
937 2330 1078 2368 invenit

478 2395 539 2441 vl,
579 2394 644 2433 12:
679 2397 779 2434 misit
826 2398 956 2435 literas
988 2400 1140 2444 Caesar,
1174 2399 1349 2436 modice
1394 2399 1594 2436 tribunum
1634 2399 1848 2446 increpans,

683 2464 855 2511 ignarum
889 2465 1035 2512 antiqui
1069 2466 1185 2503 moris
1217 2466 1264 2503 ob
1299 2466 1489 2503 iuventam
1524 2495 1701 2503 .....

577 2529 645 2568 Ιόε
677 2543 870 2580 superque
900 2546 940 2571 ea
973 2546 1015 2571 re
1045 2534 1194 2571 senatui
1227 2533 1373 2575 scribit,
1412 2534 1500 2571 levi
1539 2546 1644 2572 eum
1674 2535 1853 2572 honore

682 2600 874 2639 iuvenum.
939 2601 1027 2639 Dein
1061 2601 1218 2639 redditis
1251 2602 1447 2640 absentiae
1482 2604 1607 2641 causis
1639 2604 1851 2640 admodum

393 2709 422 2747 l)
448 2711 486 2741 rl'.
514 2712 597 2742 Suet.
630 2712 698 2747 Tib,
725 2711 778 2743 67.
