2062 3201
950 212 1228 251 -ρο-

293 341 438 374 tantum
471 337 571 383 apud
617 346 657 372 se
708 335 902 382 professos
933 335 1160 383 disserebat,
1211 349 1372 384 quorum
1420 338 1574 375 nomina
1626 338 1850 375 consulibus

292 404 500 451 edidisset‘,
532 403 580 439 ita
615 407 656 438 ut
686 402 798 438 etiam
831 407 1052 439 senatorum
1084 403 1254 449 ipsorum
1285 404 1496 442 sententiae
1551 406 1597 444 de
1634 405 1855 442 nominibus

293 466 578 518 discreparent?
608 469 737 515 Neque
767 479 851 505 eum
885 469 955 505 liae
976 470 1290 517 interpretatione
1311 468 1634 517 Huebnerus')
1663 471 1853 516 dissentit,

294 539 434 585 quippe
466 536 530 583 qui
549 536 690 573 Tiberii
722 536 934 573 orationem
969 537 1080 584 primi
1114 537 1201 575 libri
1233 539 1368 585 eapitis
1391 538 1583 576 undecimi
1630 534 1856 585 vscriptorem

292 606 517 653 cognovisse
561 608 717 641 senatus
747 604 841 641 actis
877 605 1018 641 credat.
1080 605 1233 642 Accedit
1262 607 1363 653 quod
1395 606 1550 643 Tacitus
1610 605 1766 643 minime
1809 605 1855 641 de

293 672 492 709 consulum
527 676 721 718 posterum
755 671 792 707 in
838 682 979 708 annum
1013 672 1298 719 designatorum
1351 672 1622 719 nominibus²)
1653 671 1856 715 dubitavit,

295 739 361 775 sed
394 739 659 775 tantummodo
710 739 756 775 de
792 739 1098 776 candidatorum.
1160 740 1264 785 Quae
1296 741 1333 778 in
1380 745 1537 777 senatus
1589 739 1682 776 actis
1734 737 1853 775 fuisse

294 803 505 850 perscripta
537 804 689 841 Tiberio
728 805 900 852 principe
929 805 1157 843 Huebnerus
1203 807 1340 844 nescit.
1401 808 1532 854 Neque
1574 816 1644 843 nos
1694 805 1851 844 seimus.

295 870 450 907 Scilicet
499 882 545 907 ne
590 872 751 908 alterum
785 871 939 918 quidem
979 872 1044 908 illo
1097 873 1179 909 loco
1210 874 1517 912 demonstratur:
1568 872 1740 909 Tacitum
1789 870 1851 907 hie

292 938 419 976 adisse
463 943 619 975 senatus
668 939 977 976 commentarios.
1038 939 1132 976 Nam
1163 940 1304 978 Tiberii
1356 940 1550 978 orationes
1582 940 1706 977 editae
1749 941 1857 974 erant

294 1014 370 1040 non
402 1003 526 1041 solum
560 1003 596 1039 in
628 1004 735 1041 actis.

406 1068 525 1105 Venio
557 1070 602 1105 ad
636 1071 799 1107 alterum
831 1069 1036 1106 Annalium
1071 1071 1245 1117 loeium).
1307 1071 1376 1109 Hie
1405 1074 1525 1110 codex
1559 1068 1750 1110 Mediceus
1785 1080 1851 1106 ex·

292 1138 415 1176 hibet:
467 1139 631 1185 ,reperio
662 1141 763 1187 apud
809 1139 1015 1186 scriptores
1082 1144 1356 1187 senatoresque
1387 1140 1596 1177 eorundem
1643 1142 1857 1184 temporum

294 1207 577 1253 Adgandestrii,
611 1208 796 1254 principis
828 1206 1067 1250 Chattorum,
1102 1207 1218 1243 lectas
1250 1206 1286 1243 in
1319 1212 1453 1244 senatu
1488 1206 1647 1243 literas‘.
1708 1203 1857 1247 Quibus

298 1272 335 1309 in
385 1272 511 1309 verbis
557 1273 783 1310 Jacobum
834 1272 1107 1309 Grimmium
1153 1277 1189 1308 et
1220 1271 1674 1317 Muellenlioft'ium⁴)
1718 1280 1859 1307 nomen

297 1339 565 1385 Adgandestrii
597 1340 767 1376 offendit.
828 1339 961 1385 ltaque
995 1337 1058 1374 ille
1081 1339 1139 1383 ,ad
1162 1339 1380 1377 Gaudestrii
1414 1370 1591 1378 .....
1625 1347 1851 1385 responsum

296 1408 392 1441 esse‘
438 1405 612 1452 coniecit,
676 1406 775 1453 quod
824 1416 893 1442 suo
941 1405 1023 1443 iure
1075 1405 1340 1454 Huebnerus5)
1392 1407 1584 1444 refutavit.
1666 1406 1858 1442 Bezzen-

302 1474 522 1517 tiergerus
567 1473 705 1509 deinde
737 1473 851 1520 ,apud
883 1473 1089 1520 scriptores
1121 1478 1354 1521 senatusque
1386 1475 1596 1512 eorundem
1638 1477 1856 1520 temporum

299 1538 392 1574 actis
443 1539 659 1576 (landestrii
695 1568 914 1576 ......
956 1541 1072 1577 lectas
1122 1541 1160 1577 in
1196 1546 1331 1578 senatu
1381 1541 1539 1579 literas‘.
1602 1538 1856 1587 proposuitss),

301 1616 413 1653 quam
461 1606 765 1642 emendationem
799 1605 1027 1644 lluelmerus
1078 1618 1230 1654 quoque
1279 1609 1469 1655 probavit.
1545 1607 1860 1644 Mommsenus

300 1673 464 1719 denique
495 1684 563 1719 pro
595 1675 852 1720 ,senatusque‘
902 1674 1071 1711 seribere
1103 1675 1237 1711 maluit
1274 1676 1602 1724 ,senatoriisque‘3
1650 1673 1750 1719 quod
1783 1682 1858 1710 non

305 1739 464 1775 niultum
499 1739 643 1777 ditl'ert:
676 1745 854 1787 corrupta
887 1751 971 1777 esse
1002 1741 1118 1777 verba
1150 1741 1205 1777 sic
1235 1742 1289 1778 uti
1320 1743 1524 1779 traduntur
1555 1741 1668 1778 etiam
1701 1738 1863 1775 Momm-

296 1806 581 1842 senusiudicat.
644 1807 791 1850 Quibus
822 1817 911 1843 vero
944 1807 989 1843 de
1010 1803 1162 1843 causis?
1200 1807 1471 1855 Praeterquam
1510 1808 1611 1854 quod
1644 1804 1853 1843 Grimmius

302 1883 440 1909 nomen
472 1873 740 1920 Adgandestrii
772 1873 962 1909 enucleari
997 1884 1071 1910 non
1105 1884 1218 1919 posse
1240 1875 1448 1919 contendit,
1479 1885 1565 1910 cuin
1584 1871 1859 1921 ‚Gaudestrius‘

303 1940 428 1976 nullas
461 1940 640 1987 praebeat
684 1940 979 1987 difficultates'),
1030 1940 1219 1987 imprimis
1268 1942 1411 1979 liabent
1441 1940 1691 1978 offensionem
1744 1948 1856 1975 voces

301 2007 521 2053 ‚scriptores
552 2008 839 2052 senatoresque‘
874 2007 969 2043 duas
1001 2007 1049 2042 ob
1083 2017 1232 2045 causas.
1293 2008 1384 2045 Nam
1435 2007 1506 2044 etsi
1538 2004 1856 2054 Nipperdeyius⁸)

301 2073 442 2110 codicis
473 2072 701 2119 scripturam
732 2072 830 2109 tueri
854 2077 1013 2109 conatur
1048 2074 1218 2119 eoquod
1254 2075 1316 2111 illa
1340 2074 1457 2110 verba
1489 2073 1543 2109 sie
1565 2072 1856 2119 interpretatur:

301 2140 522 2187 scriptores,
552 2140 615 2185 qui
648 2139 782 2177 iisdem
800 2140 1042 2186 temporibus
1069 2147 1268 2178 senatores
1300 2141 1464 2185 fuerant,
1496 2144 1610 2186 atque
1637 2138 1858 2186 ,eorundem

302 2208 531 2254 temporum‘
576 2206 622 2241 ad
656 2210 824 2251 ,senatus
855 2207 951 2242 acta‘
984 2217 1059 2243 non
1092 2209 1294 2253 quadrare,
1340 2207 1427 2254 quia
1464 2216 1745 2253 supervacuum
1793 2205 1856 2247 sit,

400 2362 432 2401 1)
460 2362 608 2392 liubin-r:
638 2362 658 2392 l.
686 2362 703 2392 Ι.
730 2372 758 2402 p.
787 2362 860 2393 571.

395 2416 432 2458 2)
458 2418 532 2448 haec
558 2422 647 2447 sunt:
687 2418 816 2448 Sisenna
836 2419 975 2449 Statilius
1000 2429 1035 2449 ar
1062 2421 1092 2450 l„
1120 2421 1194 2451 Libo
1220 2421 1259 2450 cl'.
1285 2421 1355 2451 Tac.
1385 2422 1462 2450 kun.
1489 2418 1520 2459 ll,
1555 2417 1578 2449 l.
1607 2419 1659 2449 llio
1689 2417 1765 2449 Lvll.
1785 2416 1850 2448 ind.

394 2473 431 2513 3)
459 2475 530 2505 Tac.
558 2475 637 2504 Anu.
665 2473 696 2514 ll,
723 2474 775 2505 bb.

392 2526 429 2566 4)
455 2527 578 2567 llauptii
604 2526 793 2566 rphenwrid.
818 2528 1000 2568 antiquitati
1028 2530 1162 2559 uvi-min.
1190 2528 1234 2558 lx.
1268 2526 1362 2559 1553.
1390 2538 1417 2567 p.
1447 2526 1563 2566 Ἐἰ-15η.

394 2581 429 2621 5)
456 2583 627 2613 lluelmer:
656 2582 675 2613 l.
702 2582 720 2612 l.
747 2593 774 2623 p.
801 2582 875 2614 567.
926 2583 1121 2624 Nipprrdry:
1149 2583 1197 2614 ad.
1226 2585 1261 2616 Λ.
1290 2583 1320 2623 ΙΙ,
1348 2582 1434 2623 85,“.).

388 2637 425 2677 6)
451 2637 694 2676 {tenentia-ger:
719 2637 874 2677 ‚einendd
902 2638 1026 2670 delecti.
1053 2639 1176 2669 'l‘aciux
1205 2638 1353 2670 lirrsalrn.
1385 2636 1477 2668 issi.

394 2691 430 2730 7)
455 2695 569 2723 (lantcr
594 2705 619 2716 τὲ
665 2693 834 2723 Miinnclien
863 2693 918 2724 der
943 2695 1036 2726 (lans.

392 2744 429 2785 ὃ)
456 2745 649 2786 Nipperdey:
676 2746 774 2785 praei.
802 2756 829 2785 p.
857 2744 910 2776 24.
