2062 3201
860 226 1135 267 -33—

349 353 412 396 Π.
443 353 506 396 de
537 352 874 396 orationibus
906 352 1061 395 extra
1091 351 1355 393 senatum
1386 348 1611 392 habitis:

323 468 364 505 Id
395 468 497 515 quod
529 469 680 506 Tacitus
711 470 757 506 de
788 468 923 505 ceteris
955 466 1192 504 orationibus
1224 466 1420 513 comperit,
1451 464 1552 512 apud
1582 465 1756 499 auctores

213 543 296 572 eum
328 532 519 570 invenisse
567 534 811 571 statuendum
862 536 930 569 est.
991 530 1082 567 Nam
1121 541 1242 578 neque
1290 532 1371 579 ipse
1419 530 1516 567 alios
1563 528 1757 576 proximos

214 598 336 634 fontes
381 597 553 634 nominat
602 602 638 634 ct
682 596 862 645 permulti
909 595 979 631 loei
1021 606 1135 641 supra
1183 596 1301 642 allati,
1349 595 1490 642 quibus
1540 595 1587 632 de
1627 602 1753 630 rerum

214 663 464 710 scriptoribus
496 664 610 701 verba
641 663 742 704 facit,
774 662 945 698 Tacitum
972 672 1161 698 summam
1192 663 1373 700 tribuisse
1402 662 1478 699 vim
1508 660 1758 709 scriptoribus

214 729 420 768 eorundem
452 734 667 776 temporum
698 728 936 766 conserendis
965 728 1239 767 demonstrant.
1302 730 1432 776 Itaque
1462 728 1669 775 quaeritur,
1694 725 1758 771 qui

216 794 333 832 Taciti
363 799 537 833 auctores
568 796 709 833 fuerint
739 804 911 841 quaeque
962 794 1008 831 de
1044 795 1282 832 orationibus
1328 795 1567 832 tradiderint.
1628 792 1756 836 Neque

215 870 340 902 tamen
371 873 411 900 ea
451 873 548 910 quae
578 864 670 901 satis
701 867 875 899 accurate
922 862 995 898 iam
1027 863 1130 909 alii')
1158 864 1204 900 de
1248 864 1308 901 liis
1350 863 1541 903 dixerunt,
1592 865 1761 908 repetere

214 929 309 965 mihi
340 928 378 965 in
409 929 535 966 animo
563 934 631 967 est.
692 930 791 967 Satis
822 929 893 965 erit
924 929 1076 966 nomina
1108 940 1238 967 corum
1258 930 1488 972 adscribere,
1520 932 1560 964 ut
1576 926 1755 973 deinceps

217 992 338 1029 fusius
378 992 424 1028 de
453 994 570 1030 altera
598 994 820 1040 quaestione
868 992 1066 1030 disseram.
1128 993 1362 1041 Coniungam
1407 997 1533 1029 autem
1564 1001 1584 1026 a
1615 989 1744 1026 Tacito

217 1059 298 1104 ipso
329 1063 645 1095 eonunemoratos
675 1069 759 1095 eum
792 1057 850 1103 iis,
881 1067 976 1104 quos
1007 1068 1090 1094 eum
1131 1063 1324 1105 praeterea
1361 1057 1583 1094 adhibuisse
1615 1054 1750 1091 verisi-

219 1120 310 1157 mile
341 1125 415 1157 est:

332 1181 371 1231 1)
402 1184 442 1221 C.
475 1187 678 1225 Plinius:
714 1188 810 1225 Ann.
830 1187 854 1233 l,
872 1185 942 1223 69:
975 1186 1301 1231 ‚Germanicorum
1326 1188 1513 1226 bellorum
1530 1185 1758 1233 seriptor‘.²)

330 1263 371 1311 2)
403 1265 620 1303 Aufidius
658 1266 830 1303 Bassus
876 1270 923 1302 et
965 1264 1200 1301 Servilius
1248 1264 1514 1302 Nonianus:
1561 1262 1763 1299 clarissimi

402 1331 584 1368 historiae
625 1330 794 1377 priorum
840 1329 1056 1376 principum
1114 1329 1334 1375 scriptores,
1394 1337 1556 1374 quorum
1604 1331 1763 1371 uterque

401 1397 563 1432 sortasse
603 1404 724 1440 usque
767 1394 813 1430 ad
865 1393 1064 1430 Claudium
1112 1404 1171 1429 res
1218 1393 1491 1441 imperatorum
1536 1389 1762 1437 composuit.

401 1458 575 1495 Aufidius
604 1458 722 1495 libros
754 1468 905 1505 quoque
937 1457 1025 1494 belli
1058 1456 1273 1494 Germanici
1305 1454 1541 1503 conscripsit.

331 1531 373 1581 3)
404 1532 579 1570 Seneca
609 1534 783 1570 rhetor:
818 1533 877 1580 ,ab
908 1533 1001 1569 inito
1032 1533 1218 1569 bellorum
1251 1534 1432 1578 civilium,
1465 1531 1564 1568 unde
1600 1530 1761 1576 primum

403 1601 542 1638 veritas
574 1605 674 1637 retro
704 1601 810 1644 abiit,
842 1610 961 1646 paene
992 1610 1111 1646 usque
1141 1600 1188 1636 ad
1220 1600 1352 1637 mortis
1383 1610 1474 1637 suae
1504 1595 1670 1641 diem‘.3)

335 1675 376 1725 4)
407 1678 583 1715 Tiberii
612 1684 652 1716 et
684 1679 866 1717 Claudii
895 1678 1138 1716 Caesarum
1170 1677 1516 1716 commentarii:
1549 1673 1634 1711 Tac.
1665 1671 1765 1719 xm,

406 1740 510 1791 43,⁴)
542 1743 849 1792 Agrippinae:
881 1744 965 1780 Tac.
997 1744 1037 1778 A⁴
1070 1744 1132 1789 IV,
1162 1743 1228 1781 53.

335 1821 375 1868 5)
406 1821 623 1859 Suetonii
654 1821 842 1859 Paulini
874 1822 1238 1869 commenta1·ii.⁵)

334 1897 376 1946 6)
407 1898 599 1936 Cluvius
629 1899 773 1936 Rufus
811 1902 856 1935 et
887 1897 1062 1935 Fabius
1090 1898 1315 1935 Rusticus.

333 1966 402 2002 Tot
430 1973 557 2000 rerum
588 1964 793 2011 scriptores
824 1963 1014 2009 novimus,
1057 1973 1152 2009 quos
1182 1974 1304 2010 usque
1339 1961 1386 1998 ad
1417 1956 1564 1996 Claudii
1597 1959 1760 1992 mortem

222 2027 338 2066 Taciti
385 2032 560 2065 auctores
606 2028 725 2066 fuisse
770 2028 942 2065 conicere
994 2039 1212 2075 possumus.
1286 2026 1415 2072 Neque
1464 2029 1591 2060 tamen
1627 2019 1765 2056 iniuria

220 2094 498 2140 Nipperdeyius
525 2099 700 2131 nostrum
728 2093 847 2130 multo
876 2093 1005 2139 plures
1044 2093 1257 2140 inspexisse
1288 2090 1408 2128 videri
1447 2088 1548 2133 dicit,
1600 2094 1763 2132 quorum

223 2168 270 2194 ne
299 2157 454 2194 nomina
486 2158 640 2204 quidem
671 2157 783 2194 nobis
813 2157 953 2193 tradita
983 2161 1085 2194 sunt.

335 2223 554 2269 Sequuntur
581 2224 801 2271 scriptores,
831 2224 895 2270 qui
927 2234 1052 2261 rerum
1075 2224 1162 2260 inde
1187 2234 1207 2260 a
1229 2222 1389 2261 Neronis
1406 2217 1641 2266 temporibus
1673 2226 1762 2253 aue-

222 2293 324 2326 tores
355 2289 483 2325 Tacito
516 2294 667 2337 praesto
699 2290 873 2326 fuerunt:

315 2467 347 2509 l)
372 2467 564 2509 Nipperdey:
590 2467 687 2508 praes.
714 2478 744 2508 p.
769 2467 911 2511 25—31‚
959 2469 1086 2499 Nissen:
1113 2466 1130 2497 l.
1158 2466 1177 2496 Ι.
1203 2475 1230 2505 p.
1256 2462 1424 2503 *tet-99,
1454 2461 1581 2501 aliique.

315 2525 351 2565 2)
375 2525 414 2557 cf.
442 2525 518 2557 Plin.
544 2526 633 2566 epist.
660 2526 702 2568 lll,
729 2527 765 2559 5:
792 2527 943 2559 bellorum
964 2525 1148 2559 Germaniae
1174 2523 1290 2563 viginti,
1315 2521 1428 2562 quibus
1451 2518 1566 2558 omnia,
1591 2527 1671 2558 quae
1699 2528 1769 2548 cum

225 2582 384 2614 Germanis
409 2582 571 2624 gessimus,
596 2582 676 2614 bella
703 2583 844 2623 conlegit.
894 2583 1060 2624 inchoavit,
1087 2592 1157 2613 cum
1183 2581 1212 2612 in
1240 2580 1402 2611 Germania
1430 2577 1585 2609 militaret-

313 2635 349 2677 3)
374 2635 413 2667 cf.
439 2636 546 2668 Senec.
575 2636 684 2677 philos.
710 2637 746 2668 l'r.
773 2638 820 2668 XV
845 2635 990 2678 (Haase).

312 2692 348 2733 4)
373 2691 412 2722 cf.
437 2693 522 2724 Suet.
546 2693 612 2724 Tib.
639 2693 692 2724 61.
719 2692 830 2725 Claud.
857 2691 910 2725 41.

314 2748 350 2789 5)
376 2747 414 2778 cl'.
441 2745 517 2778 Plin.
546 2748 576 2778 h.
601 2758 631 2780 n.
658 2748 690 2789 V,
719 2748 745 2789 1,
774 2747 823 2778 14.
