<?xml version="1.0" encoding="UTF-8"?>
<!DOCTYPE html PUBLIC "-//W3C//DTD XHTML 1.0 Transitional//EN"
    "http://www.w3.org/TR/xhtml1/DTD/xhtml1-transitional.dtd">
<html xmlns="http://www.w3.org/1999/xhtml" xml:lang="en" lang="en">
 <head>
  <title>
</title>
<meta http-equiv="Content-Type" content="text/html;charset=utf-8" />
  <meta name='ocr-system' content='tesseract 3.04.00' />
  <meta name='ocr-capabilities' content='ocr_page ocr_carea ocr_par ocr_line ocrx_word'/>
</head>
<body>
  <div class='ocr_page' id='page_1' title='image "./deorationibusset00anacuoft_0018.png"; bbox 0 0 2062 3201; ppageno 0'>
   <div class='ocr_carea' id='block_1_1' title="bbox 899 184 1177 225">
    <p class='ocr_par' dir='ltr' id='par_1_1' title="bbox 899 184 1177 225">
     <span class='ocr_line' id='line_1_1' title="bbox 899 184 1177 225; baseline 0 -10"><span class='ocrx_word' id='word_1_1' title='bbox 899 184 1177 225; x_wconf 70' lang='grc'>..14-</span> 
     </span>
    </p>
   </div>
   <div class='ocr_carea' id='block_1_2' title="bbox 264 308 1832 2092">
    <p class='ocr_par' dir='ltr' id='par_1_2' title="bbox 589 308 1814 556">
     <span class='ocr_line' id='line_1_2' title="bbox 589 308 1812 353; baseline -0.002 -5"><span class='ocrx_word' id='word_1_2' title='bbox 589 311 728 348; x_wconf 81' lang='lat' dir='ltr'>Fabius</span> <span class='ocrx_word' id='word_1_3' title='bbox 776 310 929 347; x_wconf 87' lang='lat' dir='ltr'>inclinat</span> <span class='ocrx_word' id='word_1_4' title='bbox 974 311 1021 346; x_wconf 84' lang='lat' dir='ltr'>ad</span> <span class='ocrx_word' id='word_1_5' title='bbox 1073 309 1204 345; x_wconf 81' lang='lat' dir='ltr'>laudes</span> <span class='ocrx_word' id='word_1_6' title='bbox 1254 309 1432 353; x_wconf 76' lang='lat' dir='ltr'>Senecae,</span> <span class='ocrx_word' id='word_1_7' title='bbox 1477 308 1586 346; x_wconf 88' lang='lat' dir='ltr'>cuius</span> <span class='ocrx_word' id='word_1_8' title='bbox 1648 308 1812 346; x_wconf 83' lang='lat' dir='ltr'>amicitia</span> 
     </span>
     <span class='ocr_line' id='line_1_3' title="bbox 589 374 1814 422; baseline -0.002 -9"><span class='ocrx_word' id='word_1_9' title='bbox 589 377 730 414; x_wconf 84' lang='lat' dir='ltr'>floruit.</span> <span class='ocrx_word' id='word_1_10' title='bbox 792 376 877 412; x_wconf 81' lang='lat' dir='ltr'>Nos</span> <span class='ocrx_word' id='word_1_11' title='bbox 929 385 1212 412; x_wconf 84' lang='lat' dir='ltr'>eonsensum</span> <span class='ocrx_word' id='word_1_12' title='bbox 1262 375 1468 422; x_wconf 85' lang='lat' dir='ltr'>(‚horum‘</span> <span class='ocrx_word' id='word_1_13' title='bbox 1516 380 1615 413; x_wconf 88' lang='lat' dir='ltr'>recte</span> <span class='ocrx_word' id='word_1_14' title='bbox 1668 374 1814 412; x_wconf 81' lang='lat' dir='ltr'>addidit</span> 
     </span>
     <span class='ocr_line' id='line_1_4' title="bbox 606 439 1806 489; baseline -0.003 -10"><span class='ocrx_word' id='word_1_15' title='bbox 606 439 900 489; x_wconf 66' lang='lat' dir='ltr'>Nipperdeyius)</span> <span class='ocrx_word' id='word_1_16' title='bbox 953 445 1191 478; x_wconf 85' lang='lat' dir='ltr'>auctorum</span> <span class='ocrx_word' id='word_1_17' title='bbox 1241 440 1473 485; x_wconf 82' lang='lat' dir='ltr'>secuturi,</span> <span class='ocrx_word' id='word_1_18' title='bbox 1515 451 1612 487; x_wconf 83' lang='lat' dir='ltr'>quae</span> <span class='ocrx_word' id='word_1_19' title='bbox 1658 441 1806 477; x_wconf 78' lang='lat' dir='ltr'>diversa</span> 
     </span>
     <span class='ocr_line' id='line_1_5' title="bbox 604 506 1660 556; baseline 0 -11"><span class='ocrx_word' id='word_1_20' title='bbox 604 507 855 556; x_wconf 69' lang='lat' dir='ltr'>prodiderint,</span> <span class='ocrx_word' id='word_1_21' title='bbox 892 508 964 544; x_wconf 82' lang='lat' dir='ltr'>sub</span> <span class='ocrx_word' id='word_1_22' title='bbox 996 506 1217 544; x_wconf 88' lang='lat' dir='ltr'>nominibus</span> <span class='ocrx_word' id='word_1_23' title='bbox 1250 507 1420 553; x_wconf 87' lang='lat' dir='ltr'>ipsorum</span> <span class='ocrx_word' id='word_1_24' title='bbox 1453 508 1660 545; x_wconf 83' lang='lat' dir='ltr'>trademus.</span> 
     </span>
    </p>

    <p class='ocr_par' dir='ltr' id='par_1_3' title="bbox 264 570 1816 817">
     <span class='ocr_line' id='line_1_6' title="bbox 375 570 1816 617; baseline 0.001 -10"><span class='ocrx_word' id='word_1_25' title='bbox 375 575 521 617; x_wconf 73' lang='lat' dir='ltr'>Quibus</span> <span class='ocrx_word' id='word_1_26' title='bbox 551 573 679 611; x_wconf 86' lang='lat' dir='ltr'>verbis</span> <span class='ocrx_word' id='word_1_27' title='bbox 709 572 803 609; x_wconf 80' lang='lat' dir='ltr'>solis</span> <span class='ocrx_word' id='word_1_28' title='bbox 833 583 966 609; x_wconf 84' lang='lat' dir='ltr'>omnes</span> <span class='ocrx_word' id='word_1_29' title='bbox 999 573 1224 615; x_wconf 74' lang='lat' dir='ltr'><strong>refutantur,</strong></span> <span class='ocrx_word' id='word_1_30' title='bbox 1256 571 1319 617; x_wconf 81' lang='lat' dir='ltr'>qui</span> <span class='ocrx_word' id='word_1_31' title='bbox 1348 570 1517 608; x_wconf 85' lang='lat' dir='ltr'>Tacitum</span> <span class='ocrx_word' id='word_1_32' title='bbox 1552 574 1615 610; x_wconf 91' lang='lat' dir='ltr'>uni</span> <span class='ocrx_word' id='word_1_33' title='bbox 1647 572 1740 610; x_wconf 82' lang='lat' dir='ltr'>sonti</span> <span class='ocrx_word' id='word_1_34' title='bbox 1775 582 1816 608; x_wconf 88' lang='lat' dir='ltr'>se</span> 
     </span>
     <span class='ocr_line' id='line_1_7' title="bbox 264 637 1816 687; baseline -0.003 -11"><span class='ocrx_word' id='word_1_35' title='bbox 264 639 457 677; x_wconf 66' lang='lat' dir='ltr'>addixisse</span> <span class='ocrx_word' id='word_1_36' title='bbox 488 644 632 687; x_wconf 88' lang='lat' dir='ltr'>putent.</span> <span class='ocrx_word' id='word_1_37' title='bbox 694 638 902 674; x_wconf 69' lang='lat' dir='ltr'>secuturus</span> <span class='ocrx_word' id='word_1_38' title='bbox 933 643 990 675; x_wconf 86' lang='lat' dir='ltr'>est</span> <span class='ocrx_word' id='word_1_39' title='bbox 1021 642 1152 674; x_wconf 84' lang='lat' dir='ltr'>noster</span> <span class='ocrx_word' id='word_1_40' title='bbox 1179 646 1408 673; x_wconf 86' lang='lat' dir='ltr'>eonsensum</span> <span class='ocrx_word' id='word_1_41' title='bbox 1450 637 1579 675; x_wconf 80' lang='lat' dir='ltr'>Fabii</span> <span class='ocrx_word' id='word_1_42' title='bbox 1617 637 1816 677; x_wconf 73' lang='lat' dir='ltr'>Rustici,</span> 
     </span>
     <span class='ocr_line' id='line_1_8' title="bbox 266 701 1815 750; baseline -0.001 -9"><span class='ocrx_word' id='word_1_43' title='bbox 266 705 431 749; x_wconf 79' lang='lat' dir='ltr'>Plinii,</span> <span class='ocrx_word' id='word_1_44' title='bbox 462 706 541 742; x_wconf 88' lang='lat' dir='ltr'>Clu</span> <span class='ocrx_word' id='word_1_45' title='bbox 555 704 618 740; x_wconf 67' lang='lat' dir='ltr'>rii</span> <span class='ocrx_word' id='word_1_46' title='bbox 652 704 713 740; x_wconf 83' lang='lat' dir='ltr'>Ru</span> <span class='ocrx_word' id='word_1_47' title='bbox 731 704 782 745; x_wconf 77' lang='lat' dir='ltr'>si,</span> <span class='ocrx_word' id='word_1_48' title='bbox 814 704 914 750; x_wconf 80' lang='lat' dir='ltr'>quod</span> <span class='ocrx_word' id='word_1_49' title='bbox 948 703 1100 750; x_wconf 79' lang='lat' dir='ltr'>quidem</span> <span class='ocrx_word' id='word_1_50' title='bbox 1133 703 1178 739; x_wconf 85' lang='lat' dir='ltr'>ad</span> <span class='ocrx_word' id='word_1_51' title='bbox 1197 701 1358 739; x_wconf 88' lang='lat' dir='ltr'>Neronis</span> <span class='ocrx_word' id='word_1_52' title='bbox 1392 713 1452 740; x_wconf 88' lang='lat' dir='ltr'>res</span> <span class='ocrx_word' id='word_1_53' title='bbox 1476 704 1623 742; x_wconf 79' lang='lat' dir='ltr'>attinet.</span> <span class='ocrx_word' id='word_1_54' title='bbox 1687 703 1815 750; x_wconf 77' lang='lat' dir='ltr'>Neque</span> 
     </span>
     <span class='ocr_line' id='line_1_9' title="bbox 266 767 1731 817; baseline 0.001 -10"><span class='ocrx_word' id='word_1_55' title='bbox 266 783 355 808; x_wconf 68' lang='lat' dir='ltr'>vero</span> <span class='ocrx_word' id='word_1_56' title='bbox 388 772 521 817; x_wconf 52' lang='lat' dir='ltr'>„sequi-</span> <span class='ocrx_word' id='word_1_57' title='bbox 552 770 649 807; x_wconf 86' lang='lat' dir='ltr'>idem</span> <span class='ocrx_word' id='word_1_58' title='bbox 682 775 736 806; x_wconf 83' lang='lat' dir='ltr'>est</span> <span class='ocrx_word' id='word_1_59' title='bbox 769 769 869 816; x_wconf 81' lang='lat' dir='ltr'>quod</span> <span class='ocrx_word' id='word_1_60' title='bbox 903 769 1130 816; x_wconf 77' lang='lat' dir='ltr'>‚inspicerc‘.</span> <span class='ocrx_word' id='word_1_61' title='bbox 1194 767 1232 804; x_wconf 89' lang='lat' dir='ltr'>ld</span> <span class='ocrx_word' id='word_1_62' title='bbox 1263 769 1487 815; x_wconf 87' lang='lat' dir='ltr'>comprobat</span> <span class='ocrx_word' id='word_1_63' title='bbox 1518 770 1579 806; x_wconf 80' lang='lat' dir='ltr'>liic</span> <span class='ocrx_word' id='word_1_64' title='bbox 1608 771 1731 808; x_wconf 82' lang='lat' dir='ltr'>lorus:</span> 
     </span>
    </p>

    <p class='ocr_par' dir='ltr' id='par_1_4' title="bbox 379 833 1818 883">
     <span class='ocr_line' id='line_1_10' title="bbox 379 833 1818 883; baseline 0.001 -9"><span class='ocrx_word' id='word_1_65' title='bbox 379 838 476 883; x_wconf 76' lang='lat' dir='ltr'>xlv,</span> <span class='ocrx_word' id='word_1_66' title='bbox 508 836 550 874; x_wconf 68' lang='grc' dir='ltr'>’Ξῖ</span> <span class='ocrx_word' id='word_1_67' title='bbox 581 836 695 872; x_wconf 87' lang='lat' dir='ltr'>tradit</span> <span class='ocrx_word' id='word_1_68' title='bbox 727 834 922 872; x_wconf 73' lang='lat' dir='ltr'>Cluvius</span> <span class='ocrx_word' id='word_1_69' title='bbox 956 863 1132 872; x_wconf 90' lang='grc'><em>.....</em></span> <span class='ocrx_word' id='word_1_70' title='bbox 1165 833 1340 871; x_wconf 79' lang='lat' dir='ltr'>Fabius</span> <span class='ocrx_word' id='word_1_71' title='bbox 1381 833 1606 873; x_wconf 83' lang='lat' dir='ltr'>Rusticus</span> <span class='ocrx_word' id='word_1_72' title='bbox 1640 866 1818 882; x_wconf 80' lang='lat'><strong>.....</strong></span> 
     </span>
    </p>

    <p class='ocr_par' dir='ltr' id='par_1_5' title="bbox 583 899 1822 1013">
     <span class='ocr_line' id='line_1_11' title="bbox 585 899 1822 949; baseline 0.002 -11"><span class='ocrx_word' id='word_1_73' title='bbox 585 906 782 938; x_wconf 87' lang='lat' dir='ltr'>memorat.</span> <span class='ocrx_word' id='word_1_74' title='bbox 844 901 915 937; x_wconf 82' lang='lat' dir='ltr'>sed</span> <span class='ocrx_word' id='word_1_75' title='bbox 949 911 1046 946; x_wconf 76' lang='lat' dir='ltr'>quac</span> <span class='ocrx_word' id='word_1_76' title='bbox 1077 899 1249 945; x_wconf 74' lang='lat' dir='ltr'>Cluvius,</span> <span class='ocrx_word' id='word_1_77' title='bbox 1295 901 1426 937; x_wconf 86' lang='lat' dir='ltr'>eadem</span> <span class='ocrx_word' id='word_1_78' title='bbox 1467 903 1618 939; x_wconf 85' lang='lat' dir='ltr'>ceteri</span> <span class='ocrx_word' id='word_1_79' title='bbox 1669 913 1822 949; x_wconf 55' lang='lat' dir='ltr'>alnoque</span> 
     </span>
     <span class='ocr_line' id='line_1_12' title="bbox 583 966 1483 1013; baseline 0.001 -10"><span class='ocrx_word' id='word_1_80' title='bbox 583 972 758 1004; x_wconf 84' lang='lat' dir='ltr'>auctores</span> <span class='ocrx_word' id='word_1_81' title='bbox 791 966 993 1013; x_wconf 71' lang='lat' dir='ltr'>prodidere</span> <span class='ocrx_word' id='word_1_82' title='bbox 1020 970 1053 1003; x_wconf 78' lang='lat' dir='ltr'>ct</span> <span class='ocrx_word' id='word_1_83' title='bbox 1086 967 1184 1003; x_wconf 80' lang='lat' dir='ltr'>fama</span> <span class='ocrx_word' id='word_1_84' title='bbox 1218 968 1291 1004; x_wconf 87' lang='lat' dir='ltr'>huc</span> <span class='ocrx_word' id='word_1_85' title='bbox 1317 967 1483 1004; x_wconf 87' lang='lat' dir='ltr'>inclinat.</span> 
     </span>
    </p>

    <p class='ocr_par' dir='ltr' id='par_1_6' title="bbox 268 1033 1823 1283">
     <span class='ocr_line' id='line_1_13' title="bbox 381 1033 1822 1081; baseline 0.003 -14"><span class='ocrx_word' id='word_1_86' title='bbox 381 1036 487 1078; x_wconf 69' lang='lat' dir='ltr'>Quod</span> <span class='ocrx_word' id='word_1_87' title='bbox 535 1035 699 1081; x_wconf 82' lang='lat' dir='ltr'>scriptor</span> <span class='ocrx_word' id='word_1_88' title='bbox 750 1034 826 1070; x_wconf 79' lang='lat' dir='ltr'>illic</span> <span class='ocrx_word' id='word_1_89' title='bbox 858 1033 1051 1080; x_wconf 70' lang='lat' dir='ltr'>pollicitus</span> <span class='ocrx_word' id='word_1_90' title='bbox 1090 1038 1166 1070; x_wconf 86' lang='lat' dir='ltr'>est:</span> <span class='ocrx_word' id='word_1_91' title='bbox 1216 1044 1327 1081; x_wconf 77' lang='lat' dir='ltr'>,quae</span> <span class='ocrx_word' id='word_1_92' title='bbox 1373 1034 1521 1071; x_wconf 83' lang='lat' dir='ltr'>diversa</span> <span class='ocrx_word' id='word_1_93' title='bbox 1572 1035 1822 1081; x_wconf 81' lang='lat' dir='ltr'>prodiderint,</span> 
     </span>
     <span class='ocr_line' id='line_1_14' title="bbox 274 1100 1820 1147; baseline -0.002 -7"><span class='ocrx_word' id='word_1_94' title='bbox 274 1103 344 1141; x_wconf 81' lang='lat' dir='ltr'>sub</span> <span class='ocrx_word' id='word_1_95' title='bbox 404 1100 624 1139; x_wconf 77' lang='lat' dir='ltr'>nominibus</span> <span class='ocrx_word' id='word_1_96' title='bbox 661 1101 830 1147; x_wconf 82' lang='lat' dir='ltr'>ipsorum</span> <span class='ocrx_word' id='word_1_97' title='bbox 886 1100 1108 1144; x_wconf 69' lang='lat' dir='ltr'>trzulcnms‘,</span> <span class='ocrx_word' id='word_1_98' title='bbox 1155 1100 1215 1137; x_wconf 78' lang='lat' dir='ltr'>hic</span> <span class='ocrx_word' id='word_1_99' title='bbox 1245 1103 1424 1138; x_wconf 73' lang='lat' dir='ltr'>observat</span> <span class='ocrx_word' id='word_1_100' title='bbox 1502 1101 1653 1137; x_wconf 86' lang='lat' dir='ltr'>Praeter</span> <span class='ocrx_word' id='word_1_101' title='bbox 1696 1106 1820 1139; x_wconf 87' lang='lat' dir='ltr'>autem</span> 
     </span>
     <span class='ocr_line' id='line_1_15' title="bbox 268 1165 1823 1215; baseline 0 -10"><span class='ocrx_word' id='word_1_102' title='bbox 268 1170 459 1211; x_wconf 65' lang='lat' dir='ltr'>Cluvium,</span> <span class='ocrx_word' id='word_1_103' title='bbox 494 1168 667 1209; x_wconf 69' lang='lat' dir='ltr'>Fabiuim</span> <span class='ocrx_word' id='word_1_104' title='bbox 703 1166 865 1202; x_wconf 77' lang='lat' dir='ltr'>Plinium</span> <span class='ocrx_word' id='word_1_105' title='bbox 899 1165 1012 1202; x_wconf 89' lang='lat' dir='ltr'>etiam</span> <span class='ocrx_word' id='word_1_106' title='bbox 1046 1170 1192 1203; x_wconf 83' lang='lat' dir='ltr'>ceteros</span> <span class='ocrx_word' id='word_1_107' title='bbox 1224 1167 1386 1215; x_wconf 76' lang='lat' dir='ltr'>inspexit</span> <span class='ocrx_word' id='word_1_108' title='bbox 1427 1172 1615 1204; x_wconf 84' lang='lat' dir='ltr'>auctores.</span> <span class='ocrx_word' id='word_1_109' title='bbox 1676 1167 1823 1211; x_wconf 77' lang='lat' dir='ltr'>Quibus</span> 
     </span>
     <span class='ocr_line' id='line_1_16' title="bbox 270 1237 1180 1283; baseline -0.008 -5"><span class='ocrx_word' id='word_1_110' title='bbox 270 1240 432 1283; x_wconf 73' lang='lat' dir='ltr'>,ceteris‘</span> <span class='ocrx_word' id='word_1_111' title='bbox 463 1238 524 1275; x_wconf 79' lang='lat' dir='ltr'>liic</span> <span class='ocrx_word' id='word_1_112' title='bbox 557 1237 720 1273; x_wconf 76' lang='lat' dir='ltr'>Plinium</span> <span class='ocrx_word' id='word_1_113' title='bbox 753 1247 908 1282; x_wconf 74' lang='lat' dir='ltr'>quoque</span> <span class='ocrx_word' id='word_1_114' title='bbox 939 1237 1180 1272; x_wconf 84' lang='lat' dir='ltr'>adnumerat.</span> 
     </span>
    </p>

    <p class='ocr_par' dir='ltr' id='par_1_7' title="bbox 382 1302 1276 1351">
     <span class='ocr_line' id='line_1_17' title="bbox 382 1302 1276 1351; baseline -0.007 -6"><span class='ocrx_word' id='word_1_115' title='bbox 382 1309 479 1351; x_wconf 65' lang='lat' dir='ltr'>XIV,</span> <span class='ocrx_word' id='word_1_116' title='bbox 516 1306 584 1344; x_wconf 65' lang='lat'>15:</span> <span class='ocrx_word' id='word_1_117' title='bbox 616 1310 824 1351; x_wconf 74' lang='lat' dir='ltr'>contraque</span> <span class='ocrx_word' id='word_1_118' title='bbox 855 1303 1065 1351; x_wconf 84' lang='lat' dir='ltr'>prodiderit</span> <span class='ocrx_word' id='word_1_119' title='bbox 1097 1302 1276 1339; x_wconf 88' lang='lat' dir='ltr'>Corbulo.</span> 
     </span>
    </p>

    <p class='ocr_par' dir='ltr' id='par_1_8' title="bbox 503 1369 1820 1542">
     <span class='ocr_line' id='line_1_18' title="bbox 503 1369 1820 1418; baseline -0.002 -9"><span class='ocrx_word' id='word_1_120' title='bbox 503 1371 704 1418; x_wconf 66' lang='lat' dir='ltr'>53:11uoa</span> <span class='ocrx_word' id='word_1_121' title='bbox 757 1369 796 1406; x_wconf 85' lang='lat' dir='ltr'>C.</span> <span class='ocrx_word' id='word_1_122' title='bbox 850 1370 1035 1407; x_wconf 75' lang='lat' dir='ltr'>Plinius</span> <span class='ocrx_word' id='word_1_123' title='bbox 1079 1373 1279 1406; x_wconf 86' lang='lat' dir='ltr'>memorat.</span> <span class='ocrx_word' id='word_1_124' title='bbox 1339 1369 1457 1407; x_wconf 87' lang='lat' dir='ltr'>Nobis</span> <span class='ocrx_word' id='word_1_125' title='bbox 1507 1379 1661 1415; x_wconf 82' lang='lat' dir='ltr'>quoquo</span> <span class='ocrx_word' id='word_1_126' title='bbox 1709 1369 1820 1406; x_wconf 88' lang='lat' dir='ltr'>modo</span> 
     </span>
     <span class='ocr_line' id='line_1_19' title="bbox 596 1434 1820 1481; baseline -0.003 -8"><span class='ocrx_word' id='word_1_127' title='bbox 596 1437 777 1473; x_wconf 77' lang='lat' dir='ltr'>traditum</span> <span class='ocrx_word' id='word_1_128' title='bbox 816 1446 891 1472; x_wconf 87' lang='lat' dir='ltr'>non</span> <span class='ocrx_word' id='word_1_129' title='bbox 928 1435 1119 1471; x_wconf 77' lang='lat' dir='ltr'>occultare.</span> <span class='ocrx_word' id='word_1_130' title='bbox 1173 1435 1209 1471; x_wconf 93' lang='lat' dir='ltr'>in</span> <span class='ocrx_word' id='word_1_131' title='bbox 1241 1436 1368 1473; x_wconf 87' lang='lat' dir='ltr'>animo</span> <span class='ocrx_word' id='word_1_132' title='bbox 1407 1435 1489 1479; x_wconf 78' lang='lat' dir='ltr'>fuit,</span> <span class='ocrx_word' id='word_1_133' title='bbox 1537 1434 1712 1481; x_wconf 80' lang='lat' dir='ltr'>quamvis</span> <span class='ocrx_word' id='word_1_134' title='bbox 1751 1435 1820 1470; x_wconf 82' lang='lat' dir='ltr'>ab-</span> 
     </span>
     <span class='ocr_line' id='line_1_20' title="bbox 603 1504 1283 1542; baseline 0.001 -2"><span class='ocrx_word' id='word_1_135' title='bbox 603 1504 761 1540; x_wconf 80' lang='lat' dir='ltr'>surdum</span> <span class='ocrx_word' id='word_1_136' title='bbox 796 1504 990 1541; x_wconf 59' lang='lat' dir='ltr'>rideretur</span> <span class='ocrx_word' id='word_1_137' title='bbox 1023 1531 1283 1542; x_wconf 89' lang='grc'><strong>.......</strong></span> 
     </span>
    </p>

    <p class='ocr_par' dir='ltr' id='par_1_9' title="bbox 273 1570 1829 1686">
     <span class='ocr_line' id='line_1_21' title="bbox 386 1570 1829 1620; baseline -0.003 -10"><span class='ocrx_word' id='word_1_138' title='bbox 386 1574 560 1620; x_wconf 55' lang='lat' dir='ltr'>Aliquam</span> <span class='ocrx_word' id='word_1_139' title='bbox 615 1583 692 1608; x_wconf 78' lang='lat' dir='ltr'>rem</span> <span class='ocrx_word' id='word_1_140' title='bbox 728 1571 873 1608; x_wconf 84' lang='lat' dir='ltr'>Plinius</span> <span class='ocrx_word' id='word_1_141' title='bbox 924 1573 1175 1616; x_wconf 79' lang='lat' dir='ltr'>memorabat,</span> <span class='ocrx_word' id='word_1_142' title='bbox 1223 1582 1337 1618; x_wconf 85' lang='lat' dir='ltr'>quani</span> <span class='ocrx_word' id='word_1_143' title='bbox 1369 1570 1482 1608; x_wconf 89' lang='lat' dir='ltr'>ceteri</span> <span class='ocrx_word' id='word_1_144' title='bbox 1527 1574 1701 1607; x_wconf 87' lang='lat' dir='ltr'>auctores</span> <span class='ocrx_word' id='word_1_145' title='bbox 1754 1579 1829 1606; x_wconf 89' lang='lat' dir='ltr'>non</span> 
     </span>
     <span class='ocr_line' id='line_1_22' title="bbox 273 1637 1718 1686; baseline -0.005 -5"><span class='ocrx_word' id='word_1_146' title='bbox 273 1644 492 1681; x_wconf 78' lang='lat' dir='ltr'>tradebant:</span> <span class='ocrx_word' id='word_1_147' title='bbox 526 1641 678 1677; x_wconf 79' lang='lat' dir='ltr'>Tacitus</span> <span class='ocrx_word' id='word_1_148' title='bbox 710 1640 1005 1686; x_wconf 75' lang='lat' dir='ltr'>discrepantiam</span> <span class='ocrx_word' id='word_1_149' title='bbox 1038 1640 1196 1677; x_wconf 87' lang='lat' dir='ltr'>adnotat</span> <span class='ocrx_word' id='word_1_150' title='bbox 1228 1639 1341 1676; x_wconf 86' lang='lat' dir='ltr'>Plinii</span> <span class='ocrx_word' id='word_1_151' title='bbox 1374 1639 1527 1676; x_wconf 89' lang='lat' dir='ltr'>nomine</span> <span class='ocrx_word' id='word_1_152' title='bbox 1558 1637 1718 1675; x_wconf 85' lang='lat' dir='ltr'>adiecto.</span> 
     </span>
    </p>

    <p class='ocr_par' dir='ltr' id='par_1_10' title="bbox 502 1707 1437 1745">
     <span class='ocr_line' id='line_1_23' title="bbox 502 1707 1437 1745; baseline 0.002 -3"><span class='ocrx_word' id='word_1_153' title='bbox 502 1707 572 1744; x_wconf 73' lang='lat' dir='ltr'>lii:</span> <span class='ocrx_word' id='word_1_154' title='bbox 607 1708 720 1744; x_wconf 84' lang='lat' dir='ltr'>tradit</span> <span class='ocrx_word' id='word_1_155' title='bbox 755 1707 927 1743; x_wconf 81' lang='lat' dir='ltr'>Fabius</span> <span class='ocrx_word' id='word_1_156' title='bbox 958 1707 1183 1745; x_wconf 74' lang='lat' dir='ltr'>Rusticus</span> <span class='ocrx_word' id='word_1_157' title='bbox 1217 1736 1437 1745; x_wconf 91' lang='grc'><strong>......</strong></span> 
     </span>
    </p>

    <p class='ocr_par' dir='ltr' id='par_1_11' title="bbox 390 1775 1217 1813">
     <span class='ocr_line' id='line_1_24' title="bbox 390 1775 1217 1813; baseline 0 0"><span class='ocrx_word' id='word_1_158' title='bbox 390 1777 466 1813; x_wconf 88' lang='lat' dir='ltr'>lloc</span> <span class='ocrx_word' id='word_1_159' title='bbox 498 1777 580 1813; x_wconf 87' lang='lat' dir='ltr'>loco</span> <span class='ocrx_word' id='word_1_160' title='bbox 613 1775 753 1811; x_wconf 77' lang='lat' dir='ltr'>Fabius</span> <span class='ocrx_word' id='word_1_161' title='bbox 788 1775 989 1811; x_wconf 71' lang='lat' dir='ltr'>recedebat</span> <span class='ocrx_word' id='word_1_162' title='bbox 1016 1786 1036 1811; x_wconf 86' lang='lat' dir='ltr'>a</span> <span class='ocrx_word' id='word_1_163' title='bbox 1068 1776 1217 1813; x_wconf 77' lang='lat' dir='ltr'>ceteris.</span> 
     </span>
    </p>

    <p class='ocr_par' dir='ltr' id='par_1_12' title="bbox 506 1840 1831 1957">
     <span class='ocr_line' id='line_1_25' title="bbox 506 1840 1831 1890; baseline -0.002 -11"><span class='ocrx_word' id='word_1_164' title='bbox 506 1840 577 1880; x_wconf 71' lang='lat'>74:</span> <span class='ocrx_word' id='word_1_165' title='bbox 611 1843 792 1890; x_wconf 88' lang='lat' dir='ltr'>reperio</span> <span class='ocrx_word' id='word_1_166' title='bbox 826 1841 860 1878; x_wconf 87' lang='lat' dir='ltr'>iu</span> <span class='ocrx_word' id='word_1_167' title='bbox 891 1843 1176 1880; x_wconf 86' lang='lat' dir='ltr'>commentariis</span> <span class='ocrx_word' id='word_1_168' title='bbox 1194 1848 1349 1881; x_wconf 85' lang='lat' dir='ltr'>senatus</span> <span class='ocrx_word' id='word_1_169' title='bbox 1372 1842 1557 1879; x_wconf 85' lang='lat' dir='ltr'>Cerialem</span> <span class='ocrx_word' id='word_1_170' title='bbox 1582 1841 1754 1877; x_wconf 79' lang='lat' dir='ltr'>Anicium</span> <span class='ocrx_word' id='word_1_171' title='bbox 1788 1869 1797 1877; x_wconf 94' lang='lat'><strong>.</strong></span> <span class='ocrx_word' id='word_1_172' title='bbox 1823 1868 1831 1877; x_wconf 87' lang='lat'><strong>.</strong></span> 
     </span>
     <span class='ocr_line' id='line_1_26' title="bbox 606 1910 1080 1957; baseline 0.006 -13"><span class='ocrx_word' id='word_1_173' title='bbox 606 1922 673 1957; x_wconf 88' lang='lat' dir='ltr'>pro</span> <span class='ocrx_word' id='word_1_174' title='bbox 705 1910 890 1947; x_wconf 86' lang='lat' dir='ltr'>sententia</span> <span class='ocrx_word' id='word_1_175' title='bbox 924 1910 1080 1947; x_wconf 80' lang='lat' dir='ltr'>dixisse.</span> 
     </span>
    </p>

    <p class='ocr_par' dir='ltr' id='par_1_13' title="bbox 388 1975 1832 2024">
     <span class='ocr_line' id='line_1_27' title="bbox 388 1975 1832 2024; baseline -0.003 -8"><span class='ocrx_word' id='word_1_176' title='bbox 388 1979 487 2017; x_wconf 75' lang='lat' dir='ltr'>xvi.</span> <span class='ocrx_word' id='word_1_177' title='bbox 519 1977 561 2015; x_wconf 73' lang='grc' dir='ltr'>δε</span> <span class='ocrx_word' id='word_1_178' title='bbox 595 1989 717 2024; x_wconf 77' lang='lat' dir='ltr'>neque</span> <span class='ocrx_word' id='word_1_179' title='bbox 776 1978 875 2014; x_wconf 87' lang='lat' dir='ltr'>enim</span> <span class='ocrx_word' id='word_1_180' title='bbox 931 1988 1116 2016; x_wconf 70' lang='lat' dir='ltr'>venenum</span> <span class='ocrx_word' id='word_1_181' title='bbox 1156 1978 1439 2015; x_wconf 78' lang='lat' dir='ltr'>crediderim</span> <span class='ocrx_word' id='word_1_182' title='bbox 1472 1975 1647 2023; x_wconf 82' lang='lat' dir='ltr'>quamvis</span> <span class='ocrx_word' id='word_1_183' title='bbox 1679 1975 1832 2021; x_wconf 81' lang='lat' dir='ltr'>quidam</span> 
     </span>
    </p>

    <p class='ocr_par' dir='ltr' id='par_1_14' title="bbox 605 2045 1010 2092">
     <span class='ocr_line' id='line_1_28' title="bbox 605 2045 1010 2092; baseline 0.002 -11"><span class='ocrx_word' id='word_1_184' title='bbox 605 2045 811 2092; x_wconf 82' lang='lat' dir='ltr'>scriptores</span> <span class='ocrx_word' id='word_1_185' title='bbox 845 2046 1010 2083; x_wconf 82' lang='lat' dir='ltr'>tradant.</span> 
     </span>
    </p>
   </div>
   <div class='ocr_carea' id='block_1_3' title="bbox 278 2413 1839 2736">
    <p class='ocr_par' dir='ltr' id='par_1_15' title="bbox 278 2413 1839 2736">
     <span class='ocr_line' id='line_1_29' title="bbox 389 2413 1832 2460; baseline -0.001 -10"><span class='ocrx_word' id='word_1_186' title='bbox 389 2415 536 2460; x_wconf 69' lang='lat' dir='ltr'>Quibus</span> <span class='ocrx_word' id='word_1_187' title='bbox 584 2413 655 2449; x_wconf 86' lang='lat' dir='ltr'>iam</span> <span class='ocrx_word' id='word_1_188' title='bbox 705 2414 797 2449; x_wconf 86' lang='lat' dir='ltr'>locis</span> <span class='ocrx_word' id='word_1_189' title='bbox 849 2415 1021 2452; x_wconf 65' lang='lat' dir='ltr'>conxiuei</span> <span class='ocrx_word' id='word_1_190' title='bbox 1071 2416 1272 2453; x_wconf 82' lang='lat' dir='ltr'>credamus</span> <span class='ocrx_word' id='word_1_191' title='bbox 1319 2415 1490 2452; x_wconf 81' lang='lat' dir='ltr'>&#39;l&#39;acitum</span> <span class='ocrx_word' id='word_1_192' title='bbox 1543 2425 1618 2451; x_wconf 91' lang='lat' dir='ltr'>uon</span> <span class='ocrx_word' id='word_1_193' title='bbox 1658 2424 1704 2450; x_wconf 79' lang='lat' dir='ltr'>ex</span> <span class='ocrx_word' id='word_1_194' title='bbox 1759 2423 1832 2449; x_wconf 88' lang='lat' dir='ltr'>uno</span> 
     </span>
     <span class='ocr_line' id='line_1_30' title="bbox 280 2481 1836 2533; baseline -0.003 -13"><span class='ocrx_word' id='word_1_195' title='bbox 280 2484 521 2533; x_wconf 84' lang='lat' dir='ltr'>potissimum</span> <span class='ocrx_word' id='word_1_196' title='bbox 554 2485 708 2517; x_wconf 88' lang='lat' dir='ltr'>auctore</span> <span class='ocrx_word' id='word_1_197' title='bbox 754 2481 823 2518; x_wconf 80' lang='lat' dir='ltr'>liae</span> <span class='ocrx_word' id='word_1_198' title='bbox 859 2482 915 2519; x_wconf 66' lang='lat' dir='ltr'>vel</span> <span class='ocrx_word' id='word_1_199' title='bbox 950 2483 1012 2519; x_wconf 84' lang='lat' dir='ltr'>illa</span> <span class='ocrx_word' id='word_1_200' title='bbox 1047 2482 1083 2519; x_wconf 91' lang='lat' dir='ltr'>in</span> <span class='ocrx_word' id='word_1_201' title='bbox 1118 2487 1224 2530; x_wconf 86' lang='lat' dir='ltr'>parte</span> <span class='ocrx_word' id='word_1_202' title='bbox 1271 2482 1446 2519; x_wconf 80' lang='lat' dir='ltr'>hausisse</span> <span class='ocrx_word' id='word_1_203' title='bbox 1476 2481 1542 2519; x_wconf 88' lang='lat' dir='ltr'>sed</span> <span class='ocrx_word' id='word_1_204' title='bbox 1577 2482 1705 2529; x_wconf 82' lang='lat' dir='ltr'>plures</span> <span class='ocrx_word' id='word_1_205' title='bbox 1740 2481 1836 2517; x_wconf 85' lang='lat' dir='ltr'>inter</span> 
     </span>
     <span class='ocr_line' id='line_1_31' title="bbox 278 2547 1832 2597; baseline -0.005 -6"><span class='ocrx_word' id='word_1_206' title='bbox 278 2564 318 2591; x_wconf 78' lang='lat' dir='ltr'>se</span> <span class='ocrx_word' id='word_1_207' title='bbox 349 2549 569 2589; x_wconf 83' lang='lat' dir='ltr'>contulisse.</span> <span class='ocrx_word' id='word_1_208' title='bbox 633 2548 771 2585; x_wconf 86' lang='lat' dir='ltr'>Verum</span> <span class='ocrx_word' id='word_1_209' title='bbox 806 2561 852 2586; x_wconf 86' lang='lat' dir='ltr'>ne</span> <span class='ocrx_word' id='word_1_210' title='bbox 884 2561 948 2587; x_wconf 84' lang='lat' dir='ltr'>eos</span> <span class='ocrx_word' id='word_1_211' title='bbox 977 2550 1130 2597; x_wconf 79' lang='lat' dir='ltr'>quidem</span> <span class='ocrx_word' id='word_1_212' title='bbox 1164 2550 1280 2594; x_wconf 85' lang='lat' dir='ltr'>locos,</span> <span class='ocrx_word' id='word_1_213' title='bbox 1312 2550 1452 2596; x_wconf 77' lang='lat' dir='ltr'>quibus</span> <span class='ocrx_word' id='word_1_214' title='bbox 1502 2549 1666 2597; x_wconf 83' lang='lat' dir='ltr'>scriptor</span> <span class='ocrx_word' id='word_1_215' title='bbox 1703 2547 1832 2585; x_wconf 68' lang='lat' dir='ltr'>verbis</span> 
     </span>
     <span class='ocr_line' id='line_1_32' title="bbox 283 2616 1839 2665; baseline -0.006 -5"><span class='ocrx_word' id='word_1_216' title='bbox 283 2621 464 2660; x_wconf 89' lang='lat' dir='ltr'>incertis:</span> <span class='ocrx_word' id='word_1_217' title='bbox 497 2616 588 2662; x_wconf 80' lang='lat' dir='ltr'>,alii,</span> <span class='ocrx_word' id='word_1_218' title='bbox 620 2616 775 2662; x_wconf 80' lang='lat' dir='ltr'>quidam</span> <span class='ocrx_word' id='word_1_219' title='bbox 810 2617 978 2664; x_wconf 85' lang='lat' dir='ltr'>plurimi,</span> <span class='ocrx_word' id='word_1_220' title='bbox 1012 2618 1197 2665; x_wconf 84' lang='lat' dir='ltr'>plerique,</span> <span class='ocrx_word' id='word_1_221' title='bbox 1229 2622 1318 2655; x_wconf 85' lang='lat' dir='ltr'>sunt</span> <span class='ocrx_word' id='word_1_222' title='bbox 1350 2617 1414 2664; x_wconf 87' lang='lat' dir='ltr'>qui</span> <span class='ocrx_word' id='word_1_223' title='bbox 1447 2622 1515 2654; x_wconf 87' lang='lat' dir='ltr'>etc.</span> <span class='ocrx_word' id='word_1_224' title='bbox 1550 2617 1731 2654; x_wconf 80' lang='lat' dir='ltr'>ti·a‹lunt.‘</span> <span class='ocrx_word' id='word_1_225' title='bbox 1793 2616 1839 2652; x_wconf 90' lang='lat' dir='ltr'>de</span> 
     </span>
     <span class='ocr_line' id='line_1_33' title="bbox 280 2684 1835 2736; baseline -0.005 -8"><span class='ocrx_word' id='word_1_226' title='bbox 280 2696 478 2728; x_wconf 83' lang='lat' dir='ltr'>auctormn</span> <span class='ocrx_word' id='word_1_227' title='bbox 511 2687 765 2736; x_wconf 79' lang='lat' dir='ltr'>discrepantia</span> <span class='ocrx_word' id='word_1_228' title='bbox 793 2688 919 2726; x_wconf 84' lang='lat' dir='ltr'>rel&#39;ert.</span> <span class='ocrx_word' id='word_1_229' title='bbox 949 2685 1163 2723; x_wconf 80' lang='lat' dir='ltr'>communis</span> <span class='ocrx_word' id='word_1_230' title='bbox 1184 2685 1298 2724; x_wconf 78' lang='lat' dir='ltr'>fontis</span> <span class='ocrx_word' id='word_1_231' title='bbox 1321 2684 1537 2723; x_wconf 75' lang='lat' dir='ltr'>fautoribus</span> <span class='ocrx_word' id='word_1_232' title='bbox 1555 2684 1718 2732; x_wconf 84' lang='lat' dir='ltr'>praedae</span> <span class='ocrx_word' id='word_1_233' title='bbox 1750 2692 1835 2720; x_wconf 81' lang='lat' dir='ltr'>esse</span> 
     </span>
    </p>
   </div>
  </div>
 </body>
</html>
