<?xml version="1.0" encoding="UTF-8"?>
<!DOCTYPE html PUBLIC "-//W3C//DTD XHTML 1.0 Transitional//EN"
    "http://www.w3.org/TR/xhtml1/DTD/xhtml1-transitional.dtd">
<html xmlns="http://www.w3.org/1999/xhtml" xml:lang="en" lang="en">
 <head>
  <title>
</title>
<meta http-equiv="Content-Type" content="text/html;charset=utf-8" />
  <meta name='ocr-system' content='tesseract 3.04.00' />
  <meta name='ocr-capabilities' content='ocr_page ocr_carea ocr_par ocr_line ocrx_word'/>
</head>
<body>
  <div class='ocr_page' id='page_1' title='image "./deorationibusset00anacuoft_0061.png"; bbox 0 0 2062 3201; ppageno 0'>
   <div class='ocr_carea' id='block_1_1' title="bbox 771 1067 1170 1132">
    <p class='ocr_par' dir='ltr' id='par_1_1' title="bbox 771 1067 1170 1132">
     <span class='ocr_line' id='line_1_1' title="bbox 771 1067 1170 1132; baseline -0.003 -14"><span class='ocrx_word' id='word_1_1' title='bbox 771 1067 1170 1132; x_wconf 64' lang='lat' dir='ltr'>Appendix</span> 
     </span>
    </p>
   </div>
   <div class='ocr_carea' id='block_1_2' title="bbox 257 1236 1682 1372">
    <p class='ocr_par' dir='ltr' id='par_1_2' title="bbox 257 1236 1682 1372">
     <span class='ocr_line' id='line_1_2' title="bbox 257 1236 1682 1291; baseline 0.001 -11"><span class='ocrx_word' id='word_1_2' title='bbox 257 1236 301 1291; x_wconf 77' lang='lat'>1)</span> <span class='ocrx_word' id='word_1_3' title='bbox 331 1236 485 1284; x_wconf 70' lang='lat' dir='ltr'>ratio,</span> <span class='ocrx_word' id='word_1_4' title='bbox 518 1245 623 1288; x_wconf 71' lang='lat' dir='ltr'>qua</span> <span class='ocrx_word' id='word_1_5' title='bbox 659 1236 888 1279; x_wconf 64' lang='lat' dir='ltr'>Tacitus</span> <span class='ocrx_word' id='word_1_6' title='bbox 919 1237 979 1280; x_wconf 81' lang='lat' dir='ltr'>in</span> <span class='ocrx_word' id='word_1_7' title='bbox 1011 1236 1348 1280; x_wconf 68' lang='lat' dir='ltr'>orationibus</span> <span class='ocrx_word' id='word_1_8' title='bbox 1382 1236 1682 1281; x_wconf 69' lang='lat' dir='ltr'>inserendis</span> 
     </span>
     <span class='ocr_line' id='line_1_3' title="bbox 330 1317 1624 1372; baseline 0 -12"><span class='ocrx_word' id='word_1_9' title='bbox 330 1326 465 1360; x_wconf 71' lang='lat' dir='ltr'>usus</span> <span class='ocrx_word' id='word_1_10' title='bbox 499 1318 594 1365; x_wconf 69' lang='lat' dir='ltr'>eet,</span> <span class='ocrx_word' id='word_1_11' title='bbox 628 1318 972 1370; x_wconf 69' lang='lat' dir='ltr'>gravissimis</span> <span class='ocrx_word' id='word_1_12' title='bbox 1005 1317 1321 1361; x_wconf 53' lang='lat' dir='ltr'>illusuratzur</span> <span class='ocrx_word' id='word_1_13' title='bbox 1351 1319 1624 1372; x_wconf 70' lang='lat' dir='ltr'>exemplis,</span> 
     </span>
    </p>
   </div>
   <div class='ocr_carea' id='block_1_3' title="bbox 186 1434 1742 2816">
    <p class='ocr_par' dir='ltr' id='par_1_3' title="bbox 186 1434 1742 2288">
     <span class='ocr_line' id='line_1_4' title="bbox 311 1434 1735 1483; baseline 0.001 -12"><span class='ocrx_word' id='word_1_14' title='bbox 311 1434 388 1471; x_wconf 90' lang='lat' dir='ltr'>Iam</span> <span class='ocrx_word' id='word_1_15' title='bbox 434 1435 718 1481; x_wconf 89' lang='lat' dir='ltr'>comparatione</span> <span class='ocrx_word' id='word_1_16' title='bbox 777 1446 890 1483; x_wconf 86' lang='lat' dir='ltr'>supra</span> <span class='ocrx_word' id='word_1_17' title='bbox 944 1435 1113 1473; x_wconf 84' lang='lat' dir='ltr'>instituta</span> <span class='ocrx_word' id='word_1_18' title='bbox 1167 1434 1334 1471; x_wconf 88' lang='lat' dir='ltr'>Tacitum</span> <span class='ocrx_word' id='word_1_19' title='bbox 1389 1436 1599 1473; x_wconf 86' lang='lat' dir='ltr'>orationem</span> <span class='ocrx_word' id='word_1_20' title='bbox 1644 1446 1735 1473; x_wconf 91' lang='lat' dir='ltr'>con-</span> 
     </span>
     <span class='ocr_line' id='line_1_5' title="bbox 201 1502 1742 1551; baseline -0.001 -10"><span class='ocrx_word' id='word_1_21' title='bbox 201 1502 431 1550; x_wconf 85' lang='lat' dir='ltr'>scripturum</span> <span class='ocrx_word' id='word_1_22' title='bbox 463 1503 502 1539; x_wconf 88' lang='lat' dir='ltr'>in</span> <span class='ocrx_word' id='word_1_23' title='bbox 535 1502 569 1539; x_wconf 90' lang='lat' dir='ltr'>id</span> <span class='ocrx_word' id='word_1_24' title='bbox 604 1503 846 1550; x_wconf 79' lang='lat' dir='ltr'>potissimum</span> <span class='ocrx_word' id='word_1_25' title='bbox 878 1503 1096 1540; x_wconf 74' lang='lat' dir='ltr'>incubuisse</span> <span class='ocrx_word' id='word_1_26' title='bbox 1129 1502 1394 1550; x_wconf 73' lang='lat' dir='ltr'>cognovimus,</span> <span class='ocrx_word' id='word_1_27' title='bbox 1426 1508 1466 1539; x_wconf 90' lang='lat' dir='ltr'>ut</span> <span class='ocrx_word' id='word_1_28' title='bbox 1498 1508 1533 1540; x_wconf 85' lang='lat' dir='ltr'>et</span> <span class='ocrx_word' id='word_1_29' title='bbox 1564 1513 1656 1551; x_wconf 82' lang='lat' dir='ltr'>rem,</span> <span class='ocrx_word' id='word_1_30' title='bbox 1697 1504 1742 1540; x_wconf 88' lang='lat' dir='ltr'>de</span> 
     </span>
     <span class='ocr_line' id='line_1_6' title="bbox 187 1570 1739 1620; baseline 0 -13"><span class='ocrx_word' id='word_1_31' title='bbox 187 1581 259 1619; x_wconf 77' lang='lat' dir='ltr'>qua</span> <span class='ocrx_word' id='word_1_32' title='bbox 291 1575 478 1620; x_wconf 76' lang='lat' dir='ltr'>ageretur,</span> <span class='ocrx_word' id='word_1_33' title='bbox 510 1581 553 1607; x_wconf 85' lang='lat' dir='ltr'>ae</span> <span class='ocrx_word' id='word_1_34' title='bbox 584 1581 713 1607; x_wconf 90' lang='lat' dir='ltr'>rerum</span> <span class='ocrx_word' id='word_1_35' title='bbox 737 1581 870 1609; x_wconf 78' lang='lat' dir='ltr'>causas</span> <span class='ocrx_word' id='word_1_36' title='bbox 891 1580 1155 1617; x_wconf 72' lang='lat' dir='ltr'>conexumque</span> <span class='ocrx_word' id='word_1_37' title='bbox 1186 1574 1222 1607; x_wconf 86' lang='lat' dir='ltr'>et</span> <span class='ocrx_word' id='word_1_38' title='bbox 1244 1570 1411 1607; x_wconf 74' lang='lat' dir='ltr'>virorum</span> <span class='ocrx_word' id='word_1_39' title='bbox 1432 1570 1739 1607; x_wconf 79' lang='lat' dir='ltr'>memorabilium</span> 
     </span>
     <span class='ocr_line' id='line_1_7' title="bbox 187 1637 1737 1686; baseline -0.001 -12"><span class='ocrx_word' id='word_1_40' title='bbox 187 1637 336 1686; x_wconf 81' lang='lat' dir='ltr'>ingenia</span> <span class='ocrx_word' id='word_1_41' title='bbox 369 1642 481 1684; x_wconf 88' lang='lat' dir='ltr'>atque</span> <span class='ocrx_word' id='word_1_42' title='bbox 513 1648 637 1675; x_wconf 86' lang='lat' dir='ltr'>mores</span> <span class='ocrx_word' id='word_1_43' title='bbox 670 1638 820 1684; x_wconf 80' lang='lat' dir='ltr'>planius</span> <span class='ocrx_word' id='word_1_44' title='bbox 853 1638 1072 1685; x_wconf 74' lang='lat' dir='ltr'>explicaret.</span> <span class='ocrx_word' id='word_1_45' title='bbox 1134 1637 1255 1673; x_wconf 76' lang='lat' dir='ltr'>Simul</span> <span class='ocrx_word' id='word_1_46' title='bbox 1287 1647 1375 1674; x_wconf 79' lang='lat' dir='ltr'>vero</span> <span class='ocrx_word' id='word_1_47' title='bbox 1406 1648 1594 1684; x_wconf 81' lang='lat' dir='ltr'>nusquam</span> <span class='ocrx_word' id='word_1_48' title='bbox 1626 1637 1737 1674; x_wconf 84' lang='lat' dir='ltr'>effec-</span> 
     </span>
     <span class='ocr_line' id='line_1_8' title="bbox 187 1703 1732 1751; baseline 0.001 -11"><span class='ocrx_word' id='word_1_49' title='bbox 187 1710 264 1740; x_wconf 90' lang='lat' dir='ltr'>tum</span> <span class='ocrx_word' id='word_1_50' title='bbox 297 1704 526 1741; x_wconf 83' lang='lat' dir='ltr'>rhetoricum</span> <span class='ocrx_word' id='word_1_51' title='bbox 558 1704 735 1751; x_wconf 64' lang='lat' dir='ltr'>neglegit.</span> <span class='ocrx_word' id='word_1_52' title='bbox 796 1704 888 1741; x_wconf 85' lang='lat' dir='ltr'>Nam</span> <span class='ocrx_word' id='word_1_53' title='bbox 936 1714 1012 1740; x_wconf 89' lang='lat' dir='ltr'>non</span> <span class='ocrx_word' id='word_1_54' title='bbox 1057 1703 1161 1751; x_wconf 83' lang='lat' dir='ltr'>epice</span> <span class='ocrx_word' id='word_1_55' title='bbox 1207 1704 1272 1741; x_wconf 87' lang='lat' dir='ltr'>sed</span> <span class='ocrx_word' id='word_1_56' title='bbox 1324 1704 1529 1741; x_wconf 77' lang='lat' dir='ltr'>dramatico</span> <span class='ocrx_word' id='word_1_57' title='bbox 1576 1712 1732 1742; x_wconf 87' lang='lat' dir='ltr'>narrare</span> 
     </span>
     <span class='ocr_line' id='line_1_9' title="bbox 187 1769 1740 1818; baseline 0.001 -13"><span class='ocrx_word' id='word_1_58' title='bbox 187 1769 304 1806; x_wconf 84' lang='lat' dir='ltr'>Taciti</span> <span class='ocrx_word' id='word_1_59' title='bbox 353 1774 421 1807; x_wconf 87' lang='lat' dir='ltr'>est.</span> <span class='ocrx_word' id='word_1_60' title='bbox 499 1770 742 1818; x_wconf 79' lang='lat' dir='ltr'>Interponere</span> <span class='ocrx_word' id='word_1_61' title='bbox 787 1775 914 1808; x_wconf 91' lang='lat' dir='ltr'>autem</span> <span class='ocrx_word' id='word_1_62' title='bbox 965 1770 1061 1807; x_wconf 78' lang='lat' dir='ltr'>solet</span> <span class='ocrx_word' id='word_1_63' title='bbox 1095 1770 1322 1809; x_wconf 85' lang='lat' dir='ltr'>orationem.</span> <span class='ocrx_word' id='word_1_64' title='bbox 1374 1769 1552 1816; x_wconf 82' lang='lat' dir='ltr'>quotiens</span> <span class='ocrx_word' id='word_1_65' title='bbox 1602 1779 1661 1806; x_wconf 83' lang='lat' dir='ltr'>res</span> <span class='ocrx_word' id='word_1_66' title='bbox 1693 1771 1740 1806; x_wconf 89' lang='lat' dir='ltr'>ad</span> 
     </span>
     <span class='ocr_line' id='line_1_10' title="bbox 187 1836 1737 1884; baseline 0.002 -14"><span class='ocrx_word' id='word_1_67' title='bbox 187 1836 391 1874; x_wconf 75' lang='lat' dir='ltr'>discrimen</span> <span class='ocrx_word' id='word_1_68' title='bbox 423 1837 606 1884; x_wconf 73' lang='lat' dir='ltr'>pervenit.</span> <span class='ocrx_word' id='word_1_69' title='bbox 667 1838 858 1881; x_wconf 81' lang='lat' dir='ltr'>Quaedam</span> <span class='ocrx_word' id='word_1_70' title='bbox 905 1838 1108 1874; x_wconf 76' lang='lat' dir='ltr'>afferamus</span> <span class='ocrx_word' id='word_1_71' title='bbox 1156 1837 1348 1883; x_wconf 76' lang='lat' dir='ltr'>exempla:</span> <span class='ocrx_word' id='word_1_72' title='bbox 1392 1837 1580 1883; x_wconf 71' lang='lat' dir='ltr'>Quinque,</span> <span class='ocrx_word' id='word_1_73' title='bbox 1629 1837 1737 1883; x_wconf 83' lang='lat' dir='ltr'>quasi</span> 
     </span>
     <span class='ocr_line' id='line_1_11' title="bbox 186 1902 1734 1952; baseline 0.001 -13"><span class='ocrx_word' id='word_1_74' title='bbox 186 1912 247 1939; x_wconf 84' lang='lat' dir='ltr'>res</span> <span class='ocrx_word' id='word_1_75' title='bbox 279 1902 316 1939; x_wconf 92' lang='lat' dir='ltr'>in</span> <span class='ocrx_word' id='word_1_76' title='bbox 347 1912 459 1939; x_wconf 88' lang='lat' dir='ltr'>scena</span> <span class='ocrx_word' id='word_1_77' title='bbox 491 1907 678 1952; x_wconf 69' lang='lat' dir='ltr'>ageretur,</span> <span class='ocrx_word' id='word_1_78' title='bbox 730 1904 879 1941; x_wconf 86' lang='lat' dir='ltr'>actibus</span> <span class='ocrx_word' id='word_1_79' title='bbox 907 1903 1051 1941; x_wconf 86' lang='lat' dir='ltr'>Galbae</span> <span class='ocrx_word' id='word_1_80' title='bbox 1082 1904 1237 1940; x_wconf 75' lang='lat' dir='ltr'>exitium</span> <span class='ocrx_word' id='word_1_81' title='bbox 1289 1903 1460 1940; x_wconf 80' lang='lat' dir='ltr'>videmus</span> <span class='ocrx_word' id='word_1_82' title='bbox 1492 1902 1734 1950; x_wconf 85' lang='lat' dir='ltr'>dispositum,</span> 
     </span>
     <span class='ocr_line' id='line_1_12' title="bbox 186 1965 1732 2018; baseline 0.002 -15"><span class='ocrx_word' id='word_1_83' title='bbox 186 1979 347 2017; x_wconf 80' lang='lat' dir='ltr'>quorum</span> <span class='ocrx_word' id='word_1_84' title='bbox 398 1969 543 2016; x_wconf 83' lang='lat' dir='ltr'>primus</span> <span class='ocrx_word' id='word_1_85' title='bbox 592 1970 653 2017; x_wconf 88' lang='lat' dir='ltr'>(H.</span> <span class='ocrx_word' id='word_1_86' title='bbox 690 1971 717 2016; x_wconf 85' lang='lat' dir='ltr'>I,</span> <span class='ocrx_word' id='word_1_87' title='bbox 755 1969 932 2018; x_wconf 66' lang='lat'>15-20)</span> <span class='ocrx_word' id='word_1_88' title='bbox 963 1970 1113 2008; x_wconf 73' lang='lat' dir='ltr'>Pisonis</span> <span class='ocrx_word' id='word_1_89' title='bbox 1165 1970 1422 2018; x_wconf 82' lang='lat' dir='ltr'>adoptionem,</span> <span class='ocrx_word' id='word_1_90' title='bbox 1479 1965 1574 2007; x_wconf 85' lang='lat' dir='ltr'>alter</span> <span class='ocrx_word' id='word_1_91' title='bbox 1607 1968 1670 2016; x_wconf 88' lang='lat' dir='ltr'>(H.</span> <span class='ocrx_word' id='word_1_92' title='bbox 1703 1970 1732 2016; x_wconf 87' lang='lat'>1,</span> 
     </span>
     <span class='ocr_line' id='line_1_13' title="bbox 187 2030 1736 2086; baseline 0.001 -13"><span class='ocrx_word' id='word_1_93' title='bbox 187 2030 369 2083; x_wconf 79' lang='lat'>21-27)</span> <span class='ocrx_word' id='word_1_94' title='bbox 399 2035 435 2072; x_wconf 91' lang='lat' dir='ltr'>id</span> <span class='ocrx_word' id='word_1_95' title='bbox 467 2037 568 2083; x_wconf 87' lang='lat' dir='ltr'>quod</span> <span class='ocrx_word' id='word_1_96' title='bbox 600 2036 741 2074; x_wconf 87' lang='lat' dir='ltr'>interea</span> <span class='ocrx_word' id='word_1_97' title='bbox 773 2035 871 2074; x_wconf 84' lang='lat' dir='ltr'>Otho</span> <span class='ocrx_word' id='word_1_98' title='bbox 903 2037 990 2086; x_wconf 69' lang='lat' dir='ltr'>agit,</span> <span class='ocrx_word' id='word_1_99' title='bbox 1023 2037 1158 2074; x_wconf 85' lang='lat' dir='ltr'>tertius</span> <span class='ocrx_word' id='word_1_100' title='bbox 1189 2035 1250 2084; x_wconf 84' lang='lat' dir='ltr'>(H.</span> <span class='ocrx_word' id='word_1_101' title='bbox 1284 2036 1310 2084; x_wconf 87' lang='grc' dir='ltr'>Ι,</span> <span class='ocrx_word' id='word_1_102' title='bbox 1343 2032 1524 2083; x_wconf 75' lang='lat'>28-35)</span> <span class='ocrx_word' id='word_1_103' title='bbox 1559 2046 1619 2074; x_wconf 90' lang='lat' dir='ltr'>res</span> <span class='ocrx_word' id='word_1_104' title='bbox 1649 2040 1736 2074; x_wconf 82' lang='lat' dir='ltr'>ante</span> 
     </span>
     <span class='ocr_line' id='line_1_14' title="bbox 188 2101 1731 2151; baseline 0.002 -13"><span class='ocrx_word' id='word_1_105' title='bbox 188 2102 388 2151; x_wconf 86' lang='lat' dir='ltr'>Palatium,</span> <span class='ocrx_word' id='word_1_106' title='bbox 422 2108 582 2150; x_wconf 86' lang='lat' dir='ltr'>quartus</span> <span class='ocrx_word' id='word_1_107' title='bbox 614 2103 676 2151; x_wconf 85' lang='lat' dir='ltr'>(H.</span> <span class='ocrx_word' id='word_1_108' title='bbox 710 2104 737 2151; x_wconf 84' lang='lat' dir='ltr'>I,</span> <span class='ocrx_word' id='word_1_109' title='bbox 771 2101 863 2140; x_wconf 82' lang='lat'>36-</span> <span class='ocrx_word' id='word_1_110' title='bbox 884 2102 952 2150; x_wconf 52' lang='lat'>38)</span> <span class='ocrx_word' id='word_1_111' title='bbox 985 2114 1045 2141; x_wconf 87' lang='lat' dir='ltr'>res</span> <span class='ocrx_word' id='word_1_112' title='bbox 1079 2103 1115 2140; x_wconf 89' lang='lat' dir='ltr'>in</span> <span class='ocrx_word' id='word_1_113' title='bbox 1145 2103 1279 2140; x_wconf 83' lang='lat' dir='ltr'>castris</span> <span class='ocrx_word' id='word_1_114' title='bbox 1310 2102 1574 2150; x_wconf 86' lang='lat' dir='ltr'>praetorianis,</span> <span class='ocrx_word' id='word_1_115' title='bbox 1623 2103 1731 2149; x_wconf 85' lang='lat' dir='ltr'>quin-</span> 
     </span>
     <span class='ocr_line' id='line_1_15' title="bbox 187 2166 1734 2218; baseline 0.001 -12"><span class='ocrx_word' id='word_1_116' title='bbox 187 2173 247 2206; x_wconf 88' lang='lat' dir='ltr'>tus</span> <span class='ocrx_word' id='word_1_117' title='bbox 277 2169 338 2217; x_wconf 85' lang='lat' dir='ltr'>(H.</span> <span class='ocrx_word' id='word_1_118' title='bbox 382 2171 409 2218; x_wconf 83' lang='grc' dir='ltr'>Ι,</span> <span class='ocrx_word' id='word_1_119' title='bbox 449 2166 630 2218; x_wconf 80' lang='grc'>39-47)</span> <span class='ocrx_word' id='word_1_120' title='bbox 676 2170 819 2208; x_wconf 79' lang='lat' dir='ltr'>Galbae</span> <span class='ocrx_word' id='word_1_121' title='bbox 865 2175 1023 2208; x_wconf 87' lang='lat' dir='ltr'>mertem</span> <span class='ocrx_word' id='word_1_122' title='bbox 1074 2170 1195 2218; x_wconf 86' lang='lat' dir='ltr'>ipsam</span> <span class='ocrx_word' id='word_1_123' title='bbox 1245 2169 1438 2207; x_wconf 81' lang='lat' dir='ltr'>describit.</span> <span class='ocrx_word' id='word_1_124' title='bbox 1512 2168 1565 2206; x_wconf 88' lang='lat' dir='ltr'>Ae</span> <span class='ocrx_word' id='word_1_125' title='bbox 1612 2169 1734 2217; x_wconf 83' lang='lat' dir='ltr'>prime</span> 
     </span>
     <span class='ocr_line' id='line_1_16' title="bbox 187 2235 1630 2288; baseline 0 -16"><span class='ocrx_word' id='word_1_126' title='bbox 187 2235 342 2286; x_wconf 80' lang='lat' dir='ltr'>Galbae,</span> <span class='ocrx_word' id='word_1_127' title='bbox 376 2237 486 2275; x_wconf 85' lang='lat' dir='ltr'>tertio</span> <span class='ocrx_word' id='word_1_128' title='bbox 524 2237 684 2288; x_wconf 81' lang='lat' dir='ltr'>Pisonis,</span> <span class='ocrx_word' id='word_1_129' title='bbox 717 2241 853 2284; x_wconf 87' lang='lat' dir='ltr'>quarto</span> <span class='ocrx_word' id='word_1_130' title='bbox 885 2237 1045 2274; x_wconf 85' lang='lat' dir='ltr'>Othonis</span> <span class='ocrx_word' id='word_1_131' title='bbox 1078 2237 1199 2284; x_wconf 87' lang='lat' dir='ltr'>prima</span> <span class='ocrx_word' id='word_1_132' title='bbox 1231 2236 1355 2273; x_wconf 87' lang='lat' dir='ltr'>contio</span> <span class='ocrx_word' id='word_1_133' title='bbox 1388 2235 1528 2272; x_wconf 77' lang='lat' dir='ltr'>intexta</span> <span class='ocrx_word' id='word_1_134' title='bbox 1562 2240 1630 2273; x_wconf 38' lang='lat' dir='ltr'>est,</span> 
     </span>
    </p>

    <p class='ocr_par' dir='ltr' id='par_1_4' title="bbox 187 2303 1739 2816">
     <span class='ocr_line' id='line_1_17' title="bbox 300 2303 1734 2353; baseline -0.001 -11"><span class='ocrx_word' id='word_1_135' title='bbox 300 2304 377 2342; x_wconf 89' lang='lat' dir='ltr'>Iam</span> <span class='ocrx_word' id='word_1_136' title='bbox 410 2304 627 2352; x_wconf 81' lang='lat' dir='ltr'>complures</span> <span class='ocrx_word' id='word_1_137' title='bbox 663 2316 729 2353; x_wconf 89' lang='lat' dir='ltr'>per</span> <span class='ocrx_word' id='word_1_138' title='bbox 760 2314 909 2341; x_wconf 79' lang='lat' dir='ltr'>menses</span> <span class='ocrx_word' id='word_1_139' title='bbox 942 2303 1074 2350; x_wconf 85' lang='lat' dir='ltr'>Galba,</span> <span class='ocrx_word' id='word_1_140' title='bbox 1106 2308 1145 2339; x_wconf 87' lang='lat' dir='ltr'>ut</span> <span class='ocrx_word' id='word_1_141' title='bbox 1177 2307 1257 2339; x_wconf 87' lang='lat' dir='ltr'>erat</span> <span class='ocrx_word' id='word_1_142' title='bbox 1284 2312 1439 2339; x_wconf 76' lang='lat' dir='ltr'>severus</span> <span class='ocrx_word' id='word_1_143' title='bbox 1471 2312 1645 2351; x_wconf 82' lang='lat' dir='ltr'>quaeque</span> <span class='ocrx_word' id='word_1_144' title='bbox 1675 2314 1734 2341; x_wconf 77' lang='lat' dir='ltr'>res</span> 
     </span>
     <span class='ocr_line' id='line_1_18' title="bbox 187 2369 1730 2423; baseline 0 -16"><span class='ocrx_word' id='word_1_145' title='bbox 187 2377 387 2417; x_wconf 84' lang='lat' dir='ltr'>poscerent</span> <span class='ocrx_word' id='word_1_146' title='bbox 417 2373 587 2423; x_wconf 80' lang='lat' dir='ltr'>ignarus,</span> <span class='ocrx_word' id='word_1_147' title='bbox 618 2372 880 2420; x_wconf 79' lang='lat' dir='ltr'>imprudenter</span> <span class='ocrx_word' id='word_1_148' title='bbox 909 2376 944 2408; x_wconf 88' lang='lat' dir='ltr'>et</span> <span class='ocrx_word' id='word_1_149' title='bbox 976 2376 1116 2408; x_wconf 84' lang='lat' dir='ltr'>temere</span> <span class='ocrx_word' id='word_1_150' title='bbox 1146 2369 1291 2417; x_wconf 70' lang='lat' dir='ltr'>agendo</span> <span class='ocrx_word' id='word_1_151' title='bbox 1323 2379 1515 2406; x_wconf 85' lang='lat' dir='ltr'>summum</span> <span class='ocrx_word' id='word_1_152' title='bbox 1539 2369 1577 2406; x_wconf 87' lang='lat' dir='ltr'>iu</span> <span class='ocrx_word' id='word_1_153' title='bbox 1602 2369 1730 2407; x_wconf 90' lang='lat' dir='ltr'>odium</span> 
     </span>
     <span class='ocr_line' id='line_1_19' title="bbox 187 2430 1739 2487; baseline -0.001 -12"><span class='ocrx_word' id='word_1_154' title='bbox 187 2430 388 2487; x_wconf 83' lang='lat' dir='ltr'>inciderat3</span> <span class='ocrx_word' id='word_1_155' title='bbox 420 2450 543 2487; x_wconf 84' lang='lat' dir='ltr'>neque</span> <span class='ocrx_word' id='word_1_156' title='bbox 574 2440 648 2477; x_wconf 90' lang='lat' dir='ltr'>iam</span> <span class='ocrx_word' id='word_1_157' title='bbox 681 2439 840 2476; x_wconf 88' lang='lat' dir='ltr'>multum</span> <span class='ocrx_word' id='word_1_158' title='bbox 872 2438 1007 2476; x_wconf 81' lang='lat' dir='ltr'>abesse</span> <span class='ocrx_word' id='word_1_159' title='bbox 1037 2438 1248 2485; x_wconf 79' lang='lat' dir='ltr'>videbatur,</span> <span class='ocrx_word' id='word_1_160' title='bbox 1281 2436 1371 2484; x_wconf 85' lang='lat' dir='ltr'>quin</span> <span class='ocrx_word' id='word_1_161' title='bbox 1402 2435 1526 2473; x_wconf 86' lang='lat' dir='ltr'>denuo</span> <span class='ocrx_word' id='word_1_162' title='bbox 1558 2436 1604 2473; x_wconf 91' lang='lat' dir='ltr'>de</span> <span class='ocrx_word' id='word_1_163' title='bbox 1632 2436 1739 2483; x_wconf 86' lang='lat' dir='ltr'>prin-</span> 
     </span>
     <span class='ocr_line' id='line_1_20' title="bbox 187 2501 1730 2551; baseline 0.001 -12"><span class='ocrx_word' id='word_1_164' title='bbox 187 2502 313 2550; x_wconf 86' lang='lat' dir='ltr'>cipatu</span> <span class='ocrx_word' id='word_1_165' title='bbox 359 2505 450 2542; x_wconf 86' lang='lat' dir='ltr'>belli</span> <span class='ocrx_word' id='word_1_166' title='bbox 496 2505 713 2543; x_wconf 86' lang='lat' dir='ltr'>incendium</span> <span class='ocrx_word' id='word_1_167' title='bbox 756 2504 1032 2551; x_wconf 78' lang='lat' dir='ltr'>exardesceret,</span> <span class='ocrx_word' id='word_1_168' title='bbox 1086 2513 1169 2539; x_wconf 87' lang='lat' dir='ltr'>cum</span> <span class='ocrx_word' id='word_1_169' title='bbox 1201 2502 1319 2539; x_wconf 88' lang='lat' dir='ltr'>Galba</span> <span class='ocrx_word' id='word_1_170' title='bbox 1358 2501 1533 2538; x_wconf 85' lang='lat' dir='ltr'>Pisonem</span> <span class='ocrx_word' id='word_1_171' title='bbox 1568 2501 1730 2540; x_wconf 81' lang='lat' dir='ltr'>Licinia-</span> 
     </span>
     <span class='ocr_line' id='line_1_21' title="bbox 187 2567 1724 2619; baseline 0.001 -14"><span class='ocrx_word' id='word_1_172' title='bbox 187 2578 277 2606; x_wconf 87' lang='lat' dir='ltr'>num</span> <span class='ocrx_word' id='word_1_173' title='bbox 309 2571 515 2619; x_wconf 83' lang='lat' dir='ltr'>adoptavit.</span> <span class='ocrx_word' id='word_1_174' title='bbox 575 2572 654 2609; x_wconf 88' lang='lat' dir='ltr'>Hoe</span> <span class='ocrx_word' id='word_1_175' title='bbox 685 2572 766 2608; x_wconf 89' lang='lat' dir='ltr'>loco</span> <span class='ocrx_word' id='word_1_176' title='bbox 798 2570 960 2617; x_wconf 87' lang='lat' dir='ltr'>scriptor</span> <span class='ocrx_word' id='word_1_177' title='bbox 996 2569 1251 2607; x_wconf 83' lang='lat' dir='ltr'>narrationem</span> <span class='ocrx_word' id='word_1_178' title='bbox 1290 2567 1461 2605; x_wconf 87' lang='lat' dir='ltr'>eratione</span> <span class='ocrx_word' id='word_1_179' title='bbox 1491 2567 1635 2605; x_wconf 86' lang='lat' dir='ltr'>Galbae</span> <span class='ocrx_word' id='word_1_180' title='bbox 1667 2568 1724 2606; x_wconf 89' lang='lat' dir='ltr'>in-</span> 
     </span>
     <span class='ocr_line' id='line_1_22' title="bbox 187 2634 1732 2684; baseline 0 -11"><span class='ocrx_word' id='word_1_181' title='bbox 187 2641 285 2674; x_wconf 82' lang='lat' dir='ltr'>serta</span> <span class='ocrx_word' id='word_1_182' title='bbox 319 2639 504 2676; x_wconf 76' lang='lat' dir='ltr'>consistit.</span> <span class='ocrx_word' id='word_1_183' title='bbox 564 2640 753 2683; x_wconf 82' lang='lat' dir='ltr'>Quantum</span> <span class='ocrx_word' id='word_1_184' title='bbox 807 2637 905 2675; x_wconf 91' lang='lat' dir='ltr'>enim</span> <span class='ocrx_word' id='word_1_185' title='bbox 955 2637 1107 2684; x_wconf 82' lang='lat' dir='ltr'>adeptio</span> <span class='ocrx_word' id='word_1_186' title='bbox 1160 2637 1286 2673; x_wconf 84' lang='lat' dir='ltr'>valere</span> <span class='ocrx_word' id='word_1_187' title='bbox 1318 2635 1494 2684; x_wconf 87' lang='lat' dir='ltr'>potuerit,</span> <span class='ocrx_word' id='word_1_188' title='bbox 1528 2635 1558 2673; x_wconf 88' lang='lat' dir='ltr'>si</span> <span class='ocrx_word' id='word_1_189' title='bbox 1594 2634 1732 2673; x_wconf 82' lang='lat' dir='ltr'>Caesar</span> 
     </span>
     <span class='ocr_line' id='line_1_23' title="bbox 188 2701 1735 2751; baseline -0.001 -12"><span class='ocrx_word' id='word_1_190' title='bbox 188 2703 311 2741; x_wconf 87' lang='lat' dir='ltr'>virum</span> <span class='ocrx_word' id='word_1_191' title='bbox 344 2706 520 2743; x_wconf 88' lang='lat' dir='ltr'>idoneum</span> <span class='ocrx_word' id='word_1_192' title='bbox 551 2706 623 2743; x_wconf 83' lang='lat' dir='ltr'>sibi</span> <span class='ocrx_word' id='word_1_193' title='bbox 656 2714 915 2742; x_wconf 71' lang='lat' dir='ltr'>successorem</span> <span class='ocrx_word' id='word_1_194' title='bbox 946 2704 1114 2751; x_wconf 70' lang='lat' dir='ltr'>elegerit,</span> <span class='ocrx_word' id='word_1_195' title='bbox 1159 2703 1193 2739; x_wconf 89' lang='lat' dir='ltr'>in</span> <span class='ocrx_word' id='word_1_196' title='bbox 1225 2707 1356 2750; x_wconf 81' lang='lat' dir='ltr'>aperto</span> <span class='ocrx_word' id='word_1_197' title='bbox 1407 2706 1475 2738; x_wconf 80' lang='lat' dir='ltr'>est.</span> <span class='ocrx_word' id='word_1_198' title='bbox 1523 2723 1558 2727; x_wconf 89' lang='lat'>---</span> <span class='ocrx_word' id='word_1_199' title='bbox 1592 2701 1735 2738; x_wconf 79' lang='lat' dir='ltr'>Galbae</span> 
     </span>
     <span class='ocr_line' id='line_1_24' title="bbox 188 2768 1732 2816; baseline -0.001 -11"><span class='ocrx_word' id='word_1_200' title='bbox 188 2775 274 2807; x_wconf 82' lang='lat' dir='ltr'>ante</span> <span class='ocrx_word' id='word_1_201' title='bbox 324 2772 507 2810; x_wconf 81' lang='lat' dir='ltr'>Palatium</span> <span class='ocrx_word' id='word_1_202' title='bbox 567 2773 775 2810; x_wconf 76' lang='lat' dir='ltr'>immolanti</span> <span class='ocrx_word' id='word_1_203' title='bbox 827 2781 956 2808; x_wconf 76' lang='lat' dir='ltr'>rumor</span> <span class='ocrx_word' id='word_1_204' title='bbox 1009 2770 1195 2806; x_wconf 69' lang='lat' dir='ltr'>Othonem</span> <span class='ocrx_word' id='word_1_205' title='bbox 1259 2768 1466 2816; x_wconf 74' lang='lat' dir='ltr'>principem</span> <span class='ocrx_word' id='word_1_206' title='bbox 1528 2768 1732 2805; x_wconf 75' lang='lat' dir='ltr'>salutatum</span> 
     </span>
    </p>
   </div>
   <div class='ocr_carea' id='block_1_4' title="bbox 1598 2890 1618 2938">
    <p class='ocr_par' dir='ltr' id='par_1_5' title="bbox 1598 2890 1618 2938">
     <span class='ocr_line' id='line_1_25' title="bbox 1598 2890 1618 2938; baseline 0 -5"><span class='ocrx_word' id='word_1_207' title='bbox 1598 2890 1618 2938; x_wconf 81' lang='grc'>7</span> 
     </span>
    </p>
   </div>
  </div>
 </body>
</html>
