2062 3201
833 262 1107 301 -40—

181 396 437 431 supervacuas
484 386 540 421 vel
575 385 720 433 ineptas
771 388 927 433 putavit.
989 389 1147 434 Semper
1191 388 1237 423 ad
1290 398 1367 424 rem
1409 387 1528 434 ipsam
1573 389 1732 435 eiusque

183 448 383 485 utilitatem
443 454 599 496 spectat.
680 451 831 487 Initium
894 453 1041 490 dicendi
1087 453 1285 491 Claudium
1346 453 1433 489 facit
1464 454 1674 499 capientem
1708 466 1726 489 a

185 513 369 549 maiorum
401 514 482 549 eius
515 516 713 561 exemplis,
747 516 809 561 qui
842 518 1016 562 quamvis
1045 524 1198 556 externa
1231 518 1377 566 origine
1408 518 1581 561 fuissent,
1604 523 1730 555 tamen

187 580 219 614 in
271 579 459 615 civitatem
511 580 720 617 Romanam
753 588 879 618 essent
928 584 1075 621 adsciti.
1143 586 1285 622 Deinde
1336 595 1448 631 quam
1497 583 1720 620 brevissime

184 645 356 689 cxcmpta
409 645 571 681 maxime
603 645 734 682 idonea
774 647 894 691 affert,
944 650 1263 695 quemadmodum
1315 649 1448 685 civitas
1501 649 1669 685 Romana
1701 658 1719 681 a

185 707 324 745 tinibus
360 709 450 745 Latii
485 720 683 755 progressa
717 722 836 758 usque
885 714 931 749 ad
964 714 1078 760 Alpes
1111 720 1209 751 esset
1242 719 1413 761 promota
1469 720 1583 761 utque
1613 713 1724 750 etiam

186 771 454 819 Hispanienses
486 779 520 811 et
552 775 647 812 Galli
680 777 833 823 quidam
884 789 965 815 eam
998 785 1124 816 esseut
1157 781 1297 827 adepti,
1343 790 1464 826 neque
1507 786 1633 817 tamen
1666 780 1730 821 ita,

185 842 221 872 ut
254 849 317 875 eos
348 851 431 877 esse
461 844 630 886 receptos
681 842 904 888 paeniteret.
966 843 1026 879 Sic
1072 855 1141 880 usu
1176 856 1259 882 esse
1291 846 1491 892 probatum
1538 844 1729 881 civitatem

185 903 367 947 prolatam
429 914 667 950 nequaquam
729 906 846 942 fuisse
914 908 1178 953 perniciosam.
1273 908 1412 946 Contra
1480 920 1563 946 esse
1607 909 1722 945 exitio

185 972 343 1008 .victos
376 983 454 1019 pro
505 972 782 1017 alienigenis
817 986 834 1009 a
851 977 991 1012 rcere‘
1031 976 1276 1022 comprobari
1308 977 1481 1013 historia.
1542 975 1589 1012 Ut
1627 975 1726 1011 enim

189 1038 404 1082 Romulum7
436 1037 670 1074 conditorem
703 1039 822 1084 urbis,
860 1052 1006 1077 summa
1059 1051 1142 1076 cum
1175 1042 1358 1089 sapientia
1404 1041 1656 1079 consuluisse.
1688 1044 1728 1076 ut

189 1103 347 1149 receptis
392 1103 427 1139 in
459 1102 647 1139 civitatem
701 1103 875 1142 hostibus
914 1106 1022 1145 victis
1068 1117 1145 1143 rem
1191 1107 1380 1153 publicam
1415 1110 1627 1149 renovaret,
1680 1105 1728 1140 ita

187 1165 505 1203 Lacedaemonios
541 1172 575 1203 ct
607 1166 861 1205 Athenienses
892 1168 927 1204 id
961 1169 1201 1216 nea-legentes
1233 1172 1403 1218 periisse.
1463 1172 1555 1208 Tum
1581 1169 1732 1206 Tacitus

185 1232 294 1267 tertia
339 1231 523 1269 orationis
572 1236 676 1277 parte
708 1254 759 1258 —
798 1232 917 1278 figura
981 1234 1231 1281 liypophorae
1290 1246 1382 1271 usus
1422 1256 1472 1260 —
1523 1234 1729 1282 principem

184 1297 291 1340 «masi
325 1297 375 1332 rei
405 1295 648 1332 adversarios
706 1296 894 1344 gradatim
928 1298 1016 1334 facit
1047 1299 1305 1345 repellentem.
1357 1299 1460 1342 Quos
1491 1299 1557 1335 tali
1588 1300 1738 1335 honore

182 1359 311 1397 Gallos
342 1372 425 1398 esse
470 1361 646 1408 indignos
691 1363 794 1399 velut
832 1361 999 1400 dicentes
1031 1363 1170 1400 Caesar
1221 1370 1420 1411 postquam
1455 1364 1631 1401 refutavit
1664 1374 1728 1399 cos

184 1422 287 1469 ipsos
319 1425 542 1469 ‚moribus
591 1424 773 1462 artibus
803 1426 1142 1463 aft'illitatihus‘
1174 1426 1432 1464 Romanorum
1486 1427 1559 1462 iam
1593 1424 1732 1461 mixtos

186 1490 280 1527 iuter
311 1503 444 1529 omues
475 1502 558 1529 esse
591 1491 757 1528 maxime
787 1493 957 1537 idoneos,
1008 1492 1071 1538 qui
1104 1493 1375 1539 reciperentur7
1423 1493 1570 1539 probat.
1631 1490 1720 1526 Pos-

184 1564 308 1594 tremo
341 1562 466 1604 patres
498 1558 689 1605 admonet,
740 1569 787 1595 ne
823 1569 842 1594 a
891 1558 999 1595 novis
1046 1558 1160 1594 rebus
1207 1558 1320 1596 nimis
1355 1558 1473 1595 alieni
1505 1560 1644 1594 essent.
1678 1577 1729 1582 —

191 1623 290 1659 Libri
323 1623 512 1659 undecimi
545 1628 657 1669 caput
685 1624 906 1661 vicesimum
947 1623 1098 1659 tertium
1129 1623 1160 1659 si
1194 1623 1376 1671 perleges.
1408 1621 1723 1668 compositionem

184 1688 299 1724 Taciti
333 1688 483 1725 facilius
518 1689 736 1735 perspicies.
799 1689 857 1725 lbi
889 1689 987 1726 enim
1020 1689 1185 1735 scriptor
1215 1689 1386 1726 oratione
1416 1688 1570 1734 obliqua
1596 1687 1732 1723 adver-

183 1754 369 1790 sariorum
423 1764 619 1791 sermones
670 1755 815 1799 inserit,
861 1765 956 1801 quos
1004 1755 1140 1791 deinde
1191 1755 1314 1801 capite
1361 1754 1542 1792 vicesimo
1592 1757 1728 1799 quarto

185 1819 359 1866 princeps
392 1819 509 1856 reicit.

294 1885 398 1929 Quae
427 1884 599 1931 exposita
631 1885 663 1921 si
698 1885 826 1932 paucis
857 1885 1238 1931 comprehendemus,
1289 1884 1401 1921 tidem
1440 1880 1659 1919 historicam
1694 1880 1730 1917 in

185 1950 402 1986 universum
464 1949 575 1986 modo
637 1960 680 1985 ac
727 1954 853 1986 tamen
902 1948 1066 1985 aliorum
1120 1959 1245 1985 rerum
1299 1949 1530 1996 scriptorum
1578 1946 1727 1983 licentia

183 2021 351 2062 respecta
385 2016 469 2062 plus
501 2025 613 2061 quam
647 2014 858 2062 exspectari
899 2019 1046 2060 poterat
1085 2026 1105 2050 a
1137 2014 1266 2051 Tacito
1300 2025 1385 2051 esse
1413 2018 1603 2050 servatam
1634 2022 1725 2048 con-

182 2082 372 2118 cedemus.
436 2080 577 2117 Deinde
624 2090 713 2116 vero
760 2080 984 2126 scriptorem
1038 2089 1113 2115 non
1155 2083 1230 2115 tam
1277 2089 1431 2126 operam
1469 2088 1642 2120 navasse,
1686 2080 1726 2112 ut

183 2147 369 2195 genuinae
399 2151 614 2183 accuratam
648 2145 862 2192 legentibus
902 2144 1104 2191 imaginem
1148 2144 1359 2190 praeberet,
1401 2143 1570 2180 dicemus
1620 2151 1734 2188 quam

183 2218 221 2249 ut
250 2212 303 2249 rei
334 2212 533 2249 utilitatem
568 2215 604 2248 et
633 2215 810 2247 eventum
841 2220 910 2246 nee
941 2208 1066 2245 minus
1098 2208 1281 2255 principis
1312 2205 1506 2255 ingenium
1524 2215 1727 2251 moresque

181 2279 426 2317 describeret.
491 2278 535 2316 Ut
564 2277 665 2315 enim
714 2277 784 2313 hac
831 2286 902 2312 una
935 2279 1082 2311 tantum
1132 2273 1338 2311 sententia:
1388 2271 1733 2314 ,libertinorum

182 2344 302 2380 filiis
362 2344 468 2390 eqs.‘
557 2341 731 2379 Caesaris
794 2339 985 2388 ingenium
1037 2342 1137 2375 esset
1187 2337 1393 2384 depictum,
1452 2340 1580 2372 tamen
1637 2333 1731 2371 satis

180 2409 348 2446 dilucide
420 2419 466 2445 ex
535 2408 606 2444 hac
663 2416 736 2443 una
799 2404 998 2442 Claudium
1055 2401 1173 2439 fuisse
1236 2400 1430 2438 homiuem
1491 2399 1727 2447 philologum

179 2473 457 2522 cognoscimus.
545 2471 663 2509 Taciti
724 2470 819 2507 ratio
879 2473 935 2506 est
994 2467 1125 2504 eadem
1185 2476 1282 2512 quae
1339 2463 1622 2512 Thucydidis.¹)
1677 2483 1729 2487 —

178 2539 318 2576 Eodem
350 2538 462 2575 modo
511 2548 586 2584 quo
618 2535 767 2573 Claudii
813 2534 982 2571 Tacitum
1028 2536 1172 2568 ceteras
1200 2538 1352 2576 quoque
1382 2527 1575 2565 orationes
1624 2526 1724 2573 apud

179 2609 303 2651 patres
353 2603 518 2644 habitas,
567 2613 662 2649 quas
708 2601 861 2647 quidem
892 2596 1104 2635 Annalibus
1152 2594 1324 2639 inseruit,
1369 2597 1553 2630 tractasse
1599 2596 1729 2628 nostro

273 2724 305 2765 l)
332 2725 369 2756 cs.
395 2725 491 2756 Thuc.
519 2724 539 2764 l,
565 2723 618 2754 22.
