2062 3201
926 200 1204 240 -36-

288 326 469 374 deviginti
499 325 704 363 Annalium
753 325 862 362 libris
894 325 1168 373 quinquaginta
1202 329 1383 372 quattuor
1413 335 1601 364 annorum
1632 326 1833 364 historiam

288 392 522 430 tractaverit:
568 402 691 438 neque
735 392 848 429 ambo
897 392 1061 429 aliorum
1091 397 1306 440 temporum
1339 401 1399 429 res
1443 392 1655 432 tradebant.
1716 393 1834 430 Multo

289 460 502 498 accuratius
565 463 742 496 auctores
804 459 851 496 de
895 459 1136 497 orationibus
1202 460 1261 497 vel
1312 459 1487 507 epistulis
1532 460 1676 498 dixisse
1724 460 1836 497 etiam

287 529 438 566 Tacitus
469 527 551 575 ipse
580 530 754 564 testatur.
814 526 1002 573 persaepe
1046 528 1147 564 enim
1195 527 1380 564 relatione
1410 528 1457 565 de
1504 524 1680 566 sermone
1705 527 1834 574 aliquo

287 596 383 633 sacta
415 594 630 632 invenimus
660 593 794 630 verba:
826 593 921 629 haec
951 597 1065 639 atque
1096 594 1200 640 talia,
1232 595 1325 632 haee
1356 601 1392 632 et
1424 596 1545 643 plura.
1577 614 1630 620 —
1662 615 1715 620 —

400 663 520 707 Quam
552 661 736 698 rationem
769 661 843 697 iam
876 660 1022 707 primus
1054 661 1160 699 loeus
1181 662 1397 710 adscriptus
1428 663 1615 700 illustrat:
1650 662 1835 698 Pauciora

287 731 333 767 de
364 729 516 767 Pisonis
546 738 723 766 sermone
768 738 880 765 nemo
926 729 1049 766 facere
1079 729 1201 776 potuit
1232 730 1367 778 verba;
1412 740 1456 767 ae
1502 735 1630 767 tamen
1681 738 1838 776 prorsus

287 796 493 835 sufficiunt.

424 874 469 913 H.
502 874 530 921 Ι,
564 871 633 913 18;
665 875 766 922 apud
814 874 1050 922 frequentem
1095 875 1259 913 militum
1315 874 1530 912 contionem
1594 873 1838 921 imperatoria

672 941 858 979 brevitate
901 942 1075 989 adoptari
1121 952 1140 977 a
1202 953 1243 979 se
1287 942 1465 979 Pisonem
1525 941 1701 989 exemplo
1761 940 1839 977 divi

674 1008 836 1055 Augusti
873 1013 910 1045 et
939 1019 1046 1045 more
1097 1009 1266 1056 militari,
1313 1019 1388 1055 quo
1443 1009 1499 1046 vir
1531 1009 1655 1047 virum
1687 1009 1842 1056 legeret,

674 1076 896 1122 pronuntiat
927 1074 1095 1124 (Galba).

563 1139 633 1179 74:
664 1144 823 1180 crebrae
854 1143 1006 1180 interim
1038 1148 1074 1180 ct
1106 1144 1359 1181 muliebribus
1379 1143 1652 1180 blandimentis
1682 1142 1842 1180 infectae

670 1210 718 1247 ab
738 1210 887 1248 Othone
917 1212 963 1248 ad
986 1210 1180 1248 Vitellium
1203 1211 1389 1259 epistulae
1411 1210 1622 1247 offerebant
1639 1211 1838 1257 pecuniam

671 1283 708 1314 et
737 1279 898 1325 gratiam
933 1307 1150 1316 ......

571 1343 642 1383 9οε
675 1356 763 1383 mox
796 1351 928 1384 vocata
966 1347 1144 1384 contione
1174 1346 1410 1383 maiestatem
1461 1344 1567 1381 urbis
1612 1350 1648 1382 et
1681 1355 1844 1382 consen-

672 1424 756 1450 sum
787 1414 919 1461 populi
965 1425 1008 1451 ae
1038 1419 1194 1452 senatus
1226 1424 1294 1461 pro
1324 1423 1366 1451 se
1395 1412 1588 1457 attollens,
1633 1413 1838 1450 adversum

674 1481 899 1519 Vitellianas
960 1486 1086 1529 partes
1163 1482 1334 1519 modeste
1393 1480 1586 1526 disseruit,
1652 1480 1840 1518 inscitiam

672 1549 800 1595 potius
831 1549 1025 1597 legionum
1073 1560 1187 1596 quam
1225 1548 1425 1586 audaciam
1473 1547 1688 1595 increpans,
1740 1548 1844 1585 nulla

672 1617 816 1654 Vitellii
862 1617 1057 1654 mentione
1100 1618 1184 1655 sive
1232 1617 1352 1665 ipsius
1408 1625 1451 1652 ea
1502 1616 1729 1660 moderatio,
1777 1626 1845 1653 seu

673 1684 839 1732 scriptor
900 1684 1087 1722 orationis
1147 1685 1221 1723 sibi
1267 1690 1442 1723 metuens
1501 1683 1745 1720 contumeliis
1806 1683 1843 1719 in

672 1752 869 1789 Vitellium
901 1752 1087 1789 abstinuit
1119 1753 1285 1799 quando,
1330 1757 1370 1789 ut
1402 1780 1411 1790 .
1447 1783 1454 1790 .
1488 1780 1497 1789 .
1532 1779 1540 1788 .
1579 1752 1628 1788 ita
1661 1751 1699 1788 in
1729 1752 1844 1788 rebus

673 1820 831 1857 urbanis
863 1820 989 1856 Galeri
1022 1820 1197 1856 Trachali
1229 1820 1381 1868 ingenio
1408 1819 1596 1857 Othonem
1627 1820 1681 1856 uti
1714 1819 1844 1856 erede-

672 1887 806 1934 batur;
845 1892 880 1924 et
912 1892 1021 1924 erant
1051 1887 1115 1933 qui
1146 1898 1267 1934 genus
1299 1888 1423 1935 ipsum
1456 1887 1591 1924 orandi
1623 1892 1836 1930 noscerent,

671 1955 805 1992 crebro
857 1954 930 1991 fori
962 1965 1033 1991 usu
1083 1954 1232 1992 celebre
1281 1959 1317 1992 ct
1355 1956 1401 1992 ad
1455 1954 1668 2001 implendas
1713 1953 1844 2001 populi

671 2032 783 2059 aures
815 2022 933 2058 latum
965 2026 1002 2058 et
1032 2031 1186 2060 sonans.

400 2102 610 2140 Genuinam
644 2101 805 2139 Othonis
837 2100 1049 2137 orationem
1081 2101 1232 2138 Tacitus
1266 2101 1467 2149 ignoravit.
1530 2103 1613 2149 lpse
1644 2101 1743 2137 enim
1767 2110 1843 2136 non

287 2169 429 2206 iudicat
459 2170 507 2207 de
537 2180 675 2218 genere
708 2168 855 2206 orandi.
919 2167 1058 2204 Verum
1097 2173 1312 2206 accuratam
1351 2174 1386 2207 et
1432 2169 1505 2207 lide
1536 2170 1690 2217 dignam
1740 2167 1840 2215 apud

286 2241 460 2274 auctores
494 2237 665 2285 repperit
696 2236 935 2273 relationem.

490 2316 535 2362 ΙΙ,
565 2313 640 2354 48:
674 2326 762 2353 mox
800 2314 973 2352 Salvium
1006 2313 1258 2351 Cocceianum
1293 2345 1301 2353 .
1336 2345 1343 2353 .
1378 2345 1386 2353 .
1421 2345 1429 2353 .
1463 2315 1564 2352 ultro
1609 2314 1756 2352 solatus
1787 2317 1843 2350 est

671 2383 863 2421 laudando
923 2382 1100 2429 pietatem
1162 2382 1259 2429 cius,
1315 2383 1536 2431 castigando
1596 2381 1840 2419 formidinem

671 2448 804 2499 (Otho)
838 2479 1022 2489 .....

556 2517 626 2555 57:
660 2522 793 2555 vocata
822 2519 1001 2556 contione
1033 2518 1214 2555 virtutem
1248 2517 1412 2555 militum
1446 2517 1626 2555 laudibus
1672 2515 1842 2553 cumulat

670 2584 896 2634 (Vitellius).

555 2648 627 2689 «2392
667 2656 931 2699 transgressus
982 2651 1020 2688 in
1071 2655 1195 2688 castra
1257 2651 1357 2689 ultro
1418 2650 1597 2699 pietatem
1678 2649 1840 2687 militum

667 2716 911 2754 conlaudavit
943 2716 1169 2764 (Vitellius).
