2062 3201
835 204 1110 240 -45-

185 324 351 362 servavit
379 335 492 370 quam
524 329 804 371 argumentum,
841 327 942 372 quod
975 326 1100 364 verbis
1132 323 1352 364 Claudianis
1384 330 1440 363 est
1470 326 1719 375 submissum,

186 392 234 427 ita
284 396 408 428 tamen
454 396 494 427 ut
538 392 689 428 civitate
739 397 909 438 promota
948 395 1124 441 exemplo
1175 403 1301 430 rerum
1349 402 1463 440 saepe
1505 399 1729 432 novaturum

187 470 277 495 usus
310 459 370 496 sit.
432 462 535 501 Quae
567 468 625 494 res
659 458 985 496 Rodenwaldtium
1025 461 1131 507 fugit,
1184 460 1248 507 qui
1298 470 1339 497 ea
1373 470 1470 507 quae
1499 460 1650 497 Tacitus
1681 463 1728 499 de

186 526 336 562 civitate
367 525 486 572 magis
520 525 716 571 magisque
749 526 931 570 usquead
950 527 1065 574 Alpes
1096 528 1241 575 prolata
1273 527 1377 572 uicit,
1408 538 1492 564 cum
1526 527 1571 565 iis
1590 528 1730 572 verbis,

185 604 281 639 quae
333 592 514 629 Claudius
552 593 743 628 derebus
787 593 942 630 omnino
988 605 1139 642 semper
1189 596 1226 632 in
1275 605 1315 632 re
1362 594 1510 641 publica
1552 595 1721 633 Romana

185 660 334 697 novatis
364 660 465 704 facit,
496 655 788 707 coiiiiiiisciiit.²)
848 660 976 707 Neque
1005 662 1105 698 enim
1136 662 1338 709 qnisquam
1370 666 1538 707 opponat
1566 667 1725 700 novatas

187 738 245 763 res
293 732 329 763 et
359 727 550 763 civitatem
601 731 813 772 promotam
858 732 933 764 tam
971 734 1145 766 accurate
1195 739 1263 765 nec
1293 739 1377 765 esse
1429 728 1627 767 distinctas
1659 742 1726 768 nec

187 805 298 840 posse
329 792 540 841 segregari;
586 793 686 839 quod
733 793 906 839 equidem
948 805 1023 832 non
1053 806 1161 844 nego.
1221 796 1269 832 At
1300 795 1481 833 Claudius
1525 796 1606 843 ipse
1651 798 1730 835 dis-

185 862 319 897 crevit:
353 861 441 906 ‚sed
474 861 554 896 illa
580 861 733 907 potius
767 862 1011 908 cogitetis,
1034 873 1163 909 quam
1195 863 1336 900 multa
1367 863 1408 899 in
1441 863 1519 899 bac
1541 864 1734 903 civitate

185 932 350 963 novata
384 927 496 973 sint,
546 932 589 964 et
620 928 800 974 quidem
847 930 1003 966 statim
1042 930 1094 966 ab
1137 930 1319 978 origine
1350 930 1479 966 urbis
1516 936 1728 975 nostrae,

187 995 228 1030 in
261 995 378 1040 quod
410 995 580 1031 formas
611 999 856 1041 statusque
901 1006 973 1033 res
1006 1008 1040 1044 p.
1073 1003 1232 1034 nostra
1284 997 1471 1033 diducta
1500 996 1594 1034 sit‘:
1640 999 1731 1043 ‚sed

186 1061 295 1097 illoc
328 1061 482 1107 potius
513 1067 727 1099 revertar.
790 1061 1035 1100 Civitatem
1069 1093 1076 1101 .
1112 1094 1120 1102 .
1154 1066 1176 1102 ,⁶
1208 1064 1289 1108 Qua
1324 1074 1415 1101 voce
1469 1064 1643 1112 princeps
1687 1066 1734 1103 dc

183 1128 335 1164 civitate
386 1138 587 1176 progressa
633 1135 668 1166 et
714 1130 760 1166 de
807 1129 952 1166 ratione
1004 1135 1159 1167 senatus
1215 1130 1418 1178 supplendi
1455 1140 1474 1166 a
1518 1131 1728 1169 maioribus

185 1195 353 1231 adhibita
388 1196 491 1242 loqui
522 1196 661 1242 coepit.

297 1270 416 1307 Venio
448 1271 495 1307 ad
524 1272 680 1308 alteram
728 1272 882 1309 tabulae
913 1272 1100 1318 paginam.
1160 1272 1264 1316 Quae
1294 1270 1468 1317 quamvis
1500 1281 1574 1308 non
1609 1273 1734 1309 minus

185 1338 304 1374 deleta
338 1337 387 1374 sit
412 1338 611 1385 superiore
643 1343 749 1385 parte
778 1350 891 1386 quain
924 1339 1039 1386 prior,
1070 1344 1197 1376 tamen
1226 1343 1262 1376 et
1292 1349 1339 1375 ex
1371 1337 1486 1374 verbo
1514 1337 1732 1383 ‚civitatenr

188 1406 222 1441 in
256 1405 396 1452 prioris
428 1406 587 1453 paginae
621 1406 693 1443 fine
724 1411 877 1443 extante
907 1410 943 1442 et
974 1416 1020 1442 ex
1052 1405 1097 1443 iis
1144 1415 1240 1452 quae
1288 1404 1446 1442 alterius
1476 1404 1597 1450 prima
1644 1411 1733 1443 sunt

187 1472 312 1508 verbis
334 1471 532 1510 Caesarem
564 1484 648 1510 cum
684 1474 729 1510 de
758 1473 910 1510 civitate
938 1473 1129 1519 quomodo
1153 1472 1336 1520 paulatim
1370 1481 1490 1517 usque
1515 1471 1563 1508 ad
1580 1473 1731 1519 Alpium

191 1539 337 1576 radices
370 1539 517 1586 prolata
550 1541 599 1577 sit
628 1545 707 1578 tum
741 1540 788 1577 de
823 1541 971 1577 ratione
1015 1545 1170 1578 senatus
1200 1539 1404 1587 supplendi
1447 1549 1560 1586 saepe
1592 1546 1731 1577 mutata

187 1607 414 1644 disseruisse
454 1608 588 1644 elucet.
648 1608 692 1643 Et
741 1608 840 1644 lianc
870 1612 1013 1654 partem
1061 1607 1226 1654 scriptor
1253 1605 1467 1643 accuratius
1499 1626 1550 1631 —-
1583 1616 1655 1653 qua
1688 1608 1734 1644 de

187 1685 299 1710 causa
360 1679 490 1720 postea
535 1675 807 1712 demonstrabo
857 1695 907 1700 —
961 1679 1141 1712 executus
1186 1674 1293 1720 est.²)
1375 1673 1563 1710 Fortunae
1609 1679 1734 1711 autem

189 1742 345 1778 molesta
377 1742 517 1778 factum
551 1746 607 1779 est
640 1741 797 1787 invidia,
842 1746 882 1778 ut
913 1752 1010 1789 quae
1039 1741 1220 1778 Claudius
1270 1741 1316 1777 de
1348 1740 1407 1777 his
1439 1740 1553 1776 rebus
1585 1740 1732 1778 locutus

187 1814 255 1852 estq
290 1808 492 1845 maximam
526 1813 671 1855 partem
703 1809 825 1846 deleta
857 1809 943 1846 sint.
1005 1809 1146 1845 Tamen
1182 1808 1262 1845 suis
1298 1806 1524 1853 ambagibus
1576 1807 1731 1845 minime

186 1877 437 1913 abstinentem
471 1876 657 1923 exemplis
686 1886 706 1912 a
738 1876 867 1913 Tacito
897 1876 1023 1913 allatis
1054 1886 1165 1913 usum
1201 1873 1413 1922 principem
1442 1872 1588 1911 dixisse
1631 1875 1729 1911 veri-

186 1944 423 1980 simillimum
469 1948 536 1981 est.
614 1944 685 1980 Pro
744 1948 846 1980 certo
889 1943 1033 1981 scilicet
1077 1942 1114 1978 id
1164 1946 1311 1978 tantum
1362 1939 1548 1977 affirmari
1613 1948 1736 1989 potest

187 2011 386 2048 Claudium
433 2011 545 2048 etiam
597 2012 644 2048 de
684 2011 831 2048 ratione
879 2010 1053 2048 lectionis
1098 2009 1146 2046 ab
1180 2009 1351 2056 Augusto
1402 2006 1571 2045 adhibita
1622 2011 1736 2047 verba

187 2080 339 2117 fecisse:
383 2079 536 2116 Tacitus
586 2078 803 2124 exemplum
842 2078 1078 2115 coloniarum
1126 2080 1393 2113 veteranorum
1437 2074 1484 2111 ab
1528 2075 1734 2115 Octaviano

186 2147 423 2184 conditarum
475 2145 653 2184 inseruit:
714 2155 824 2190 ‚cum
886 2145 1042 2192 specie
1097 2143 1392 2180 diductarum
1453 2151 1531 2188 per
1577 2143 1734 2180 orbem

187 2220 340 2252 terrae
371 2213 602 2261 legionum
635 2212 810 2249 additis
847 2211 1210 2260 provincialium
1262 2208 1572 2247 validissimis
1609 2210 1737 2249 fesso

190 2281 379 2329 imperio
424 2281 699 2318 subventum
732 2280 816 2317 est‘.
875 2279 1016 2316 Tiberii
1061 2277 1244 2326 principis
1289 2279 1443 2313 senatus
1477 2275 1677 2314 lectionem
1709 2288 1731 2314 a

188 2349 345 2385 Claudio
405 2351 761 2385 commemoratam:
823 2346 913 2392 ‚sed
973 2351 1167 2393 patruus
1214 2344 1275 2381 Ti.
1325 2341 1492 2379 Caesar
1559 2352 1737 2381 omnem

187 2417 349 2454 florem
409 2414 584 2461 ubique
641 2413 930 2451 coloniarum
982 2424 1031 2449 ac
1089 2412 1460 2460 municipiorum,
1511 2415 1736 2451 bonorum

1281 2599 1290 2614 t

286 2602 315 2642 1)
341 2602 561 2634 ltodenwaldt:
588 2603 606 2634 l.
634 2603 652 2635 l.
679 2614 710 2644 p.
741 2603 788 2634 ll.
816 2603 935 2644 ,eodem
964 2601 1054 2633 modo
1080 2611 1142 2642 quo
1166 2624 1174 2633 .
1203 2626 1209 2633 .
1270 2625 1277 2632 .

278 2661 313 2699 2)
339 2659 410 2691 inde
435 2668 468 2691 a:
492 2659 612 2700 ,Neque
636 2659 716 2689 enim
743 2659 848 2697 ignoro
880 2676 911 2680 —-
940 2657 994 2689 sed
1020 2657 1115 2698 priori
1140 2657 1253 2698 populo
1282 2657 1459 2688 factitatum
1488 2656 1557 2690 est‘.

337 2717 375 2748 cf.
400 2714 592 2756 Nipperdey:
618 2714 658 2746 ad
685 2713 762 2745 Anu.
792 2714 825 2746 ll.
849 2724 880 2755 p.
907 2712 971 2745 303
998 2723 1024 2745 s.
1050 2723 1076 2745 v.
1101 2713 1290 2754 ,civitatem·.
