2062 3201
846 227 1122 265 -37-

330 355 374 393 ll.
405 355 450 400 ΙΙ,
491 352 562 391 8οε
595 351 810 390 militariter
840 353 989 390 locutus
1024 349 1328 401 (Vespasianus).

483 414 554 453 90:
587 419 737 462 postera
769 415 830 452 die
859 420 1053 461 tamquam
1085 414 1186 461 apud
1216 412 1373 449 alterius
1393 411 1557 449 civitatis
1578 415 1753 448 senatum

593 479 852 525 populumque
897 478 1134 526 magnificam
1180 476 1390 513 orationem
1429 476 1477 513 de
1518 480 1637 513 semet
1676 475 1758 522 ipso

594 541 792 587 prompsit,
839 541 1065 578 industriam
1094 538 1462 586 temperantiamque
1490 549 1596 575 suam
1629 537 1752 574 laudi-

598 604 670 639 bus
701 604 892 641 adtollens
924 603 1146 652 (Vitellius).

481 664 553 705 96:
587 668 621 704 in
655 668 756 704 lumc
780 669 932 705 modum
959 668 1069 704 etiam
1087 666 1261 703 Vitellius
1292 666 1393 712 apud
1413 665 1554 701 milites
1576 663 1756 701 disseruit

595 732 855 779 praetorianos
903 741 1023 778 nuper
1054 734 1322 768 exauctoratos
1367 729 1585 773 insectatus,
1629 739 1648 764 a
1677 728 1762 774 qui-

595 798 666 835 bus
695 797 812 835 salsos
842 806 1017 833 rumores
1047 795 1215 842 dispergi
1248 804 1316 831 nec
1347 793 1467 830 ullum
1508 794 1631 831 civilis
1669 793 1758 831 belli

594 869 734 901 metum
768 863 1031 901 adseverabat.

389 934 453 979 111,
484 928 555 969 36:
587 932 773 977 frequenti
810 931 987 967 contione
1018 929 1193 976 pietatem
1220 927 1385 964 militum
1418 927 1595 965 laudibus
1626 938 1760 964 cumu-

598 999 649 1035 lat
678 998 899 1047 tVitellius).

483 1062 554 1102 68:
587 1075 703 1111 pauca
755 1070 790 1102 et
820 1064 1010 1112 praesenti
1058 1062 1268 1099 maestitiae
1320 1061 1563 1108 congruentia
1613 1061 1761 1097 locutus

597 1131 820 1178 (Vitellius).
1710 1155 1720 1179 s

488 1197 561 1235 70:
597 1198 771 1235 Vitellius
797 1208 912 1245 pauca
947 1196 1131 1243 purgandi
1157 1195 1216 1232 sui
1247 1206 1359 1232 causa
1382 1195 1591 1242 respondit,
1612 1195 1761 1241 culpam

600 1265 637 1302 in
676 1266 832 1302 militem
864 1264 1062 1301 conferens
1091 1292 1315 1300 ......

500 1330 572 1371 81;
602 1332 738 1369 obviae
787 1332 893 1368 fuere
938 1335 974 1367 et
1020 1330 1187 1377 virgines
1232 1331 1403 1368 Vestales
1449 1340 1535 1366 cum
1585 1327 1760 1374 epistulis

598 1400 738 1436 Vitellii
787 1400 835 1436 ad
887 1398 1095 1435 Antonium
1150 1398 1322 1445 scriptis:
1397 1396 1512 1434 eximi
1577 1404 1756 1441 supremo

600 1467 796 1503 certamini
861 1476 978 1502 unum
1038 1465 1137 1501 diem
1200 1465 1434 1512 postulabat:
1513 1463 1545 1500 si
1617 1471 1761 1498 moram

600 1534 891 1579 intel-iecissent,
941 1531 1088 1568 facilius
1119 1532 1246 1568 onmia
1277 1537 1509 1570 conventura
1543 1557 1760 1566 ......

600 1601 752 1638 Vitellio
804 1600 1029 1647 rescriptum
1062 1598 1192 1635 Sabini
1225 1600 1339 1636 caede
1377 1604 1412 1636 et
1446 1596 1618 1635 incendio
1650 1595 1760 1642 Capi-

598 1668 680 1705 tolii
712 1668 897 1715 dirempta
932 1667 1020 1704 belli
1052 1667 1293 1704 commercia.

331 1734 478 1781 Ubique
499 1733 650 1771 Tacitus
681 1736 946 1772 tantummodo
978 1733 1221 1779 sententiam,
1252 1736 1518 1781 argumentum
1550 1731 1763 1768 orationum

221 1803 355 1839 reddit.
415 1802 486 1838 Ter
515 1801 709 1839 Vitellium
744 1803 831 1839 facit
860 1802 1038 1848 pietatem
1085 1800 1145 1836 vel
1192 1801 1368 1838 virtutem
1402 1799 1564 1835 militum
1607 1798 1762 1835 conlau-

219 1871 384 1906 dantem.
444 1868 619 1904 Attamen
650 1869 741 1915 quin
773 1869 948 1913 certiora,
970 1867 1205 1904 accuratiora
1235 1869 1335 1915 apud
1366 1871 1539 1904 auctores
1556 1865 1753 1909 invenerit,

221 1936 378 1973 dubium
414 1935 478 1971 vix
529 1946 613 1973 esse
657 1941 792 1983 potest.
852 1936 943 1973 Nam
976 1939 1040 1984 qui
1087 1939 1180 1985 ipse,
1211 1939 1300 1975 dum
1338 1935 1463 1981 aliqua
1515 1944 1574 1970 res
1620 1933 1757 1978 agitur,

220 2005 338 2049 affuit,
382 2004 491 2051 plura
521 2003 619 2040 solet
648 2004 752 2050 loqui
783 2015 895 2050 quam
927 2004 990 2050 qui
1023 2006 1180 2053 legendo
1213 2016 1295 2042 eam
1336 2001 1530 2049 cognoscit
1559 2005 1595 2037 et
1616 1999 1761 2037 exami-

221 2077 296 2108 nat.
360 2070 688 2108 Praetermisinms
735 2071 804 2108 lios
837 2072 1077 2117 potissimum
1111 2074 1234 2110 locos:
1284 2072 1328 2108 H.
1360 2068 1405 2112 ΙΙ,
1458 2067 1489 2104 1.
1522 2067 1559 2103 4.
1593 2064 1658 2102 39.
1690 2063 1760 2101 59.

225 2136 288 2175 ΤΞ).
320 2134 387 2174 96.

307 2206 404 2242 Anu.
436 2205 464 2248 Ι,
496 2202 569 2242 25:
602 2205 731 2242 literas
764 2204 881 2251 patris
913 2206 1044 2242 recitat
1075 2206 1267 2253 (Drusus),
1310 2205 1345 2241 in
1376 2203 1461 2250 quis
1513 2199 1764 2248 perscriptum

603 2276 682 2308 erat
712 2300 892 2309 .....

427 2338 471 2383 11,
503 2335 574 2375 26:
606 2339 672 2375 sed
704 2338 885 2375 crebris
932 2338 1155 2385 epistulis
1186 2338 1362 2376 Tiberius
1394 2334 1583 2378 monebat,
1627 2332 1768 2369 rediret

607 2406 653 2441 ad
685 2406 876 2442 decretum
909 2403 1166 2452 triumphum!
1212 2406 1305 2443 satis
1336 2404 1410 2440 iam
1442 2405 1645 2438 eventuum
1679 2429 1687 2436 .

336 2470 516 2509 Conicere
547 2472 632 2509 licet
663 2473 831 2509 Tacitum
865 2472 902 2508 in
934 2472 1141 2509 referendis
1157 2470 1371 2510 Germanici
1403 2469 1517 2506 rebus
1536 2466 1767 2515 Agrippinae

224 2537 506 2575 commentariis
546 2549 631 2576 esse
677 2550 802 2577 usum.
866 2539 1009 2575 Ibidem
1047 2539 1130 2576 sine
1179 2539 1296 2576 dubio
1333 2535 1474 2574 Tiberii
1523 2535 1678 2572 crebrae
1721 2533 1768 2569 ad

223 2601 486 2638 Germanicum
531 2602 695 2649 scriptae
738 2602 925 2648 epistulae
956 2602 1037 2638 sive
1087 2601 1179 2648 ipsis
1232 2600 1358 2637 verbis
1402 2598 1484 2635 sive
1528 2597 1754 2634 adumbrata

223 2665 406 2704 sententia
438 2665 671 2713 perscriptae
701 2671 819 2703 erant.
881 2665 1030 2702 Tacitus
1068 2664 1284 2702 abbreviat:
1337 2674 1409 2700 una
1442 2662 1554 2700 refert
1600 2662 1647 2699 de
1677 2670 1760 2697 cre—

226 2734 358 2768 barum
388 2736 549 2764 summa.
