2062 3201
842 227 1117 267 —39-

303 358 347 396 H.
380 357 408 404 1,
438 355 510 395 82:
544 354 804 403 inanipulatim
871 352 1037 390 adioeuti
1096 355 1184 387 sunt
1242 347 1408 384 Licinius
1456 344 1640 381 Proculus
1708 346 1743 379 et

547 422 692 459 Plotius
739 422 888 458 firmus
930 417 1106 465 praefecti
1153 427 1197 453 ex
1255 424 1324 451 suo
1374 412 1537 460 quisque
1587 407 1737 456 ingenio

550 489 707 526 mitius
738 493 814 526 aut
844 486 1101 523 horridius.

371 556 417 601 ll,
446 552 516 594 80:
550 555 585 592 in
614 556 869 593 adulationem
912 552 1052 589 effusos
1095 550 1314 596 adloquitur
1356 543 1588 593 (Mucianus)
1643 541 1737 577 satis

551 622 710 659 decorus
740 622 852 658 ctiam
884 620 1024 657 Graeca
1063 617 1236 654 facundia
1267 614 1583 659 omniumque,
1631 618 1748 654 qnae

552 690 727 727 diceret
749 694 886 736 atque
909 692 1082 734 agei-et,
1111 689 1214 721 arte
1236 683 1435 730 quadam
1463 681 1744 717 ostentator.

553 759 647 796 nihil
718 769 836 805 aeque
914 757 1146 803 provinciam
1219 752 1503 797 exercitumque
1570 744 1741 784 accendit

555 835 667 870 quam
700 825 801 871 quod
832 822 1082 860 adseverabat
1114 847 1121 855 .
1154 848 1162 855 .
1197 848 1205 857 .
1240 848 1247 855 .
1281 847 1288 855 .
1323 846 1330 853 .

462 885 531 926 82:
563 890 782 926 donativum
817 888 926 925 militi
956 896 1078 932 neque
1109 883 1304 921 Mucianus
1346 881 1491 929 prima
1524 876 1752 914 contione

558 955 630 992 nisi
664 955 839 991 modice
868 952 1098 991 ostenderat.

390 1020 453 1065 111,
486 1017 530 1058 8:
562 1023 692 1059 eadem
737 1021 934 1058 Mucianus
979 1018 1157 1056 crebris
1203 1015 1428 1064 epistulis
1478 1011 1654 1050 monebat
1696 1008 1752 1043 in-

562 1093 757 1125 cruentam
789 1092 824 1124 et
854 1087 937 1123 sine
967 1086 1068 1122 luctu
1103 1083 1297 1120 victoriani
1328 1086 1364 1119 et
1395 1080 1485 1118 alia
1533 1077 1745 1115 huiusce-

561 1156 681 1194 modi
714 1154 981 1202 praetexendo.

317 1225 399 1262 Alia
432 1224 713 1262 huiuscemodi!
756 1223 903 1259 Novum
932 1218 1124 1256 Tacitinae
1152 1214 1424 1253 abreviationis
1455 1212 1686 1259 exemplum.

492 1290 534 1329 9:
568 1293 670 1330 misit
717 1290 902 1338 epistulas
949 1286 1110 1324 Caecina
1169 1285 1421 1322 temeritatem
1481 1281 1580 1318 victa
1646 1286 1750 1314 arina

563 1357 847 1396 retractantium
923 1355 1114 1391 incusans.
1182 1351 1297 1389 simul
1354 1349 1475 1386 virtus
1542 1344 1754 1384 Germanis}

565 1425 754 1463 exercitus
802 1423 980 1461 laudibus
1026 1421 1284 1464 attollebatur,
1331 1417 1522 1455 Vitellii
1578 1414 1758 1452 modica

568 1496 609 1529 et
651 1490 833 1538 vulgari
880 1487 1132 1533 mentione,
1179 1486 1309 1523 nulla
1348 1485 1391 1522 in
1423 1482 1760 1530 Vespasianum

565 1556 867 1595 contumelia:
914 1553 1009 1592 nihil
1047 1562 1217 1600 prorsus,
1267 1551 1368 1598 quod
1399 1555 1463 1588 aut
1493 1551 1756 1595 corrumperet

566 1624 712 1660 hostem
744 1627 809 1658 aut
840 1624 1007 1658 terreret,
1069 1617 1336 1655 Flavianarum
1368 1617 1534 1664 partium
1566 1615 1681 1651 duces
1706 1642 1714 1649 .
1749 1637 1756 1645 ·

570 1698 637 1736 pro
660 1687 893 1736 Vespasiano
924 1683 1187 1731 magnifice,
1220 1693 1287 1731 pro
1309 1693 1423 1720 causa
1454 1682 1680 1722 fidenter,
1713 1678 1759 1714 de

570 1756 672 1794 exitu
703 1755 841 1799 securi,
873 1754 912 1790 in
942 1751 1136 1788 Vitellium
1167 1756 1207 1787 ut
1238 1750 1381 1787 inimici
1405 1755 1726 1797 praesumpsere.
1758 1774 1765 1781 .

571 1829 685 1870 atque
716 1824 839 1870 ipsum
855 1818 1054 1857 Caecinam
1086 1828 1173 1855 uon
1204 1818 1402 1854 obscure
1433 1817 1480 1853 ad
1496 1813 1762 1852 transitionem

571 1894 823 1930 hortabantur
853 1889 1032 1927 recitatae
1063 1898 1131 1934 pro
1162 1887 1338 1924 contione
1369 1886 1556 1933 epistulae
1579 1904 1764 1921 .....

377 1964 442 2005 Ill,
474 1960 545 2000 32:
576 1965 612 1997 et
670 1965 824 1997 vocatos
885 1958 932 1994 ad
1005 1955 1221 1992 contionem
1281 1954 1468 1992 Antonius
1532 1951 1765 1997 adloquium.

575 2024 819 2072 magnifice
850 2023 1025 2061 victores.
1057 2020 1175 2056 victos
1206 2020 1424 2064 clementer,
1456 2019 1508 2055 de
1540 2016 1766 2053 Cremona

578 2091 619 2127 in
650 2095 874 2127 neutrum.

465 2158 538 2198 52:
569 2157 616 2193 ad
648 2156 817 2192 Primum
849 2157 885 2190 et
914 2152 1054 2188 Varum
1087 2151 1233 2188 media
1262 2149 1504 2197 scriptitabat
1526 2145 1768 2197 (Mucianus).

582 2225 799 2262 instandum
845 2220 989 2268 coeptis
1036 2225 1100 2256 aut
1142 2228 1276 2257 rursus
1325 2216 1527 2255 cunctandi
1582 2213 1767 2252 utilitates

582 2287 795 2325 edisserens
826 2289 939 2329 atque
969 2283 1019 2320 ita
1050 2282 1297 2330 compositus,
1330 2286 1370 2317 ut
1400 2291 1446 2317 ex
1478 2283 1616 2316 eventu
1646 2285 1773 2313 rerum

584 2354 744 2392 adversa
775 2353 959 2389 abnueret
990 2349 1048 2386 vel
1079 2359 1260 2396 prospera
1281 2348 1541 2394 adgnosceret.
1602 2343 1768 2381 Plotium

584 2420 769 2467 Griphuni
803 2445 980 2456 .....
1013 2415 1172 2452 monuit.

407 2491 452 2537 V,
486 2486 554 2526 16:
585 2484 798 2523 exhortatio
828 2483 965 2521 ducum
998 2491 1074 2518 non
1097 2490 1202 2517 more
1231 2478 1419 2517 contionis
1448 2477 1550 2524 apud
1575 2475 1775 2513 universos

595 2553 662 2590 sed
692 2556 733 2588 ut
771 2559 943 2598 quosque
973 2557 1131 2585 suorum
1186 2544 1491 2582 advehebantur:
1535 2541 1693 2580 Cerialis
1725 2550 1789 2577 ve-

593 2627 708 2658 terem
739 2617 901 2656 Romani
928 2616 1094 2654 nominis
1125 2615 1298 2663 gloriam,
1329 2613 1507 2661 antiquas
1539 2615 1786 2658 recentesque

595 2687 773 2725 victorias
801 2713 975 2724 .....
