2062 3201
953 215 1229 255 —58-

318 342 411 388 ‚rapi
444 341 480 377 in
512 341 647 376 castra‘
670 340 853 377 adfertur.
914 340 993 377 'l'ali
1016 340 1303 387 indiscrimine,
1335 352 1420 378 eum
1440 342 1645 388 plurimum
1681 343 1857 380 intererat

317 407 525 450 cohortem,
562 415 658 451 quae
690 404 727 441 in
765 404 907 443 Palatio
938 406 1141 444 stationem
1172 406 1322 454 agebat,
1355 417 1577 453 permanere
1608 407 1734 452 fidam,
1768 406 1854 443 Piso

317 472 511 510 contendit
557 476 593 509 et
631 471 814 519 elaborat,
867 478 908 510 nt
956 473 992 510 id
1039 478 1324 520 assequeretur:
1372 473 1510 512 milites
1552 475 1598 511 ad
1644 473 1858 512 contionem

316 544 469 577 vocatos
513 538 732 586 adloquitur
777 539 838 588 (H.
872 540 896 585 l,
930 538 993 577 29.
1027 537 1112 589 30).
1147 561 1194 566 ——
1227 540 1388 578 Othonis
1436 540 1618 589 principis
1669 545 1746 578 tres
1797 538 1854 576 in·

318 611 441 644 textae
471 610 560 643 sunt
589 605 796 653 orationes,
827 616 988 653 quarum
1019 606 1142 655 prima
1173 607 1271 645 inter
1302 608 1446 646 Galbae
1482 613 1518 646 et
1556 606 1718 646 Othonis
1758 605 1862 654 prin-

315 677 493 725 cipatum,
546 680 585 713 ut
627 676 737 723 quasi
781 677 956 715 traducat
992 678 1249 715 narrationem
1295 679 1342 716 ab
1389 679 1455 717 illo
1498 678 1545 716 ad
1575 678 1690 724 hunc,
1734 676 1858 714 locum

316 748 436 782 tenet:
468 743 567 780 Otho
598 743 636 780 in
667 743 889 781 discrimine
918 744 1059 783 milites
1091 744 1315 782 exhortatur
1346 746 1406 792 ill.
1440 747 1468 792 l,
1500 743 1566 784 37,
1589 742 1671 792 38).
1734 743 1863 790 Neque

314 814 396 852 sine
431 814 591 852 consilio
640 818 676 851 ct
708 814 861 852 ratione
912 815 1076 863 scriptor
1107 820 1257 863 praeter
1288 816 1384 854 hanc
1433 817 1528 854 duas
1573 815 1668 853 alias
1701 814 1864 853 Othonis

314 881 554 929 interposuit.
632 880 766 919 Miram
813 882 915 919 enim
962 882 1137 920 Caesaris
1184 880 1302 921 animi
1360 883 1609 922 mutationem
1662 881 1859 920 illustrare

316 949 447 988 voluit.
506 948 599 986 Nam
630 958 714 986 cum
748 949 868 997 prima
901 949 999 988 Otho
1031 949 1244 989 vilissimus
1275 955 1388 1000 atque
1418 949 1723 1001 ignobilissimus
1747 950 1863 988 homo

313 1019 553 1068 depingatur,
583 1018 693 1056 tertia
725 1019 788 1070 (ll,
816 1017 888 1067 47)
918 1020 1042 1058 virum
1075 1020 1219 1068 patriae
1250 1022 1571 1071 amantissimum,
1620 1021 1751 1063 heroa,
1781 1030 1863 1057 cer-

313 1087 453 1135 nimus,
499 1087 563 1134 qui
609 1086 684 1125 sibi
716 1088 797 1136 ipse
845 1092 1004 1126 mortem
1037 1088 1274 1127 consciscere
1319 1090 1425 1128 malit
1455 1099 1568 1138 quam
1595 1088 1719 1126 denuo
1763 1087 1865 1127 cives

313 1157 416 1196 civili
446 1159 547 1197 bello
578 1159 707 1198 videre
736 1158 976 1197 dilaceratos.
1035 1159 1235 1204 Quomodo
1281 1165 1408 1199 autem
1460 1165 1565 1198 tanta
1605 1158 1723 1196 animi
1762 1168 1866 1196 com-

316 1225 478 1264 mutatio
525 1226 620 1264 facta
653 1226 715 1273 sit,
761 1225 926 1263 secunda
960 1225 1005 1273 (I,
1037 1222 1104 1264 83.
1137 1223 1206 1274 84)
1236 1228 1408 1265 oratione
1455 1227 1620 1274 scriptor
1672 1234 1866 1272 exponere

313 1296 482 1339 conatur,
520 1303 594 1341 qua
625 1293 723 1331 Otho
754 1292 955 1341 imperium
987 1292 1130 1331 scelere
1176 1299 1325 1341 partum
1373 1295 1483 1333 bonis
1525 1292 1674 1330 artibus
1725 1292 1855 1330 statim

314 1360 482 1398 exerceri
527 1370 603 1398 non
649 1370 762 1408 posse
806 1359 1004 1407 intellegit.
1068 1360 1266 1399 Antecedit
1312 1362 1401 1399 huic
1445 1360 1561 1399 animi
1608 1358 1862 1407 descriptioni

320 1429 430 1477 quasi
494 1430 731 1478 prooemium
792 1428 989 1467 meditatio
1052 1429 1206 1478 obliqua
1270 1432 1316 1480 (I,
1363 1429 1450 1480 21):
1509 1430 1607 1468 Otho
1647 1429 1773 1476 prodit
1831 1429 1865 1466 in

308 1507 474 1536 scenam.
508 1518 557 1524 —
592 1519 641 1524 —
674 1496 849 1535 Vitellius
879 1506 1005 1534 rerum
1037 1501 1094 1535 est
1125 1498 1280 1545 potitus.
1341 1499 1507 1537 Orientis
1550 1496 1718 1545 legiones
1767 1496 1853 1535 des-

309 1563 468 1603 ciscunt.
527 1564 635 1609 Quod
667 1570 707 1602 ut
738 1565 876 1602 factum
908 1563 971 1612 sit,
1004 1564 1165 1602 Muciani
1196 1567 1369 1605 oratione
1400 1567 1464 1616 (ΙΙ,
1495 1561 1562 1603 76.
1589 1562 1856 1611 77)explana-

308 1635 382 1669 tur.
442 1630 639 1668 Mucianus
668 1631 768 1669 enim
802 1630 1078 1679 Vespasianum
1110 1638 1368 1671 cunctatorem
1403 1631 1619 1682 persuadet,
1665 1640 1712 1667 ne
1752 1629 1858 1677 prin—

307 1705 472 1750 cipatum
504 1702 673 1749 arripere
715 1702 876 1740 dubitet.
914 1723 965 1728 ———
1002 1724 1048 1728 —
1083 1703 1214 1742 Civilis
1249 1705 1376 1742 Batavi
1425 1703 1593 1751 quinque
1645 1700 1859 1749 reperimus

306 1778 517 1815 sermones,
548 1779 710 1816 quorum
744 1769 866 1817 primo
898 1768 959 1819 (ΙΙ.
994 1769 1054 1816 IV,
1091 1770 1155 1820 14)
1193 1771 1395 1820 populares
1427 1771 1578 1816 excitat,
1617 1769 1738 1806 altero
1772 1768 1850 1817 (IV,

311 1838 376 1887 17)
406 1838 536 1878 Gallos
584 1839 716 1886 allicit,
760 1839 871 1878 tertio
921 1839 999 1887 (IV,
1046 1837 1117 1889 32)
1168 1843 1398 1890 praesectum
1446 1842 1636 1889 quendam
1687 1839 1856 1879 cohortis

305 1910 498 1947 Romanae
545 1906 768 1955 corrumpit,
822 1911 958 1954 quarto
1010 1905 1088 1956 (IV,
1135 1906 1203 1956 66)
1232 1909 1418 1947 Treveros
1463 1909 1535 1946 iam
1587 1919 1673 1946 cum
1703 1908 1856 1948 Batavis

304 1980 539 2026 pugnaturos
573 1976 609 2014 in
640 1976 859 2014 societatem
892 1977 1038 2025 recipit,
1069 1978 1199 2025 quinta
1232 1979 1293 2029 (V,
1326 1977 1395 2028 26)
1426 1978 1603 2026 denique,
1629 1988 1715 2015 cum
1748 1988 1856 2025 spem

305 2048 463 2082 eventus
495 2053 569 2082 non
602 2054 685 2082 esse
716 2043 922 2092 intellegat,
965 2044 1103 2082 callide
1135 2046 1281 2083 veniam
1317 2046 1407 2094 petit
1446 2046 1504 2083 vel
1550 2045 1681 2093 potius
1713 2044 1859 2092 poscit:

304 2111 533 2149 Batavorum
593 2110 683 2149 belli
739 2111 908 2158 quinque
964 2111 1118 2159 gradus,
1199 2112 1408 2162 Fastigium
1462 2111 1650 2160 significat
1693 2109 1860 2148 Voculae

303 2178 424 2216 oratio
452 2178 531 2227 (tv,
557 2176 646 2227 58):
699 2178 832 2214 sortem
873 2178 1006 2216 ducem
1053 2179 1266 2218 Romanum
1320 2180 1459 2218 milites
1505 2179 1697 2217 deserunt.
1762 2176 1855 2215 Tum

304 2245 463 2283 Cerialis
494 2243 625 2284 Gallos
656 2244 937 2283 reconciliando
969 2246 1046 2295 (IV,
1079 2242 1146 2284 73.
1181 2246 1249 2295 74)
1283 2248 1425 2285 bellum
1458 2245 1608 2284 coniicit
1640 2266 1691 2272 -—
1727 2265 1791 2283 -.

416 2326 456 2364 ln
489 2324 692 2363 Annalium
726 2324 851 2372 priore
883 2329 990 2373 parte
1021 2331 1242 2364 conservata
1273 2326 1442 2364 Tacitum
1474 2336 1623 2363 summa
1656 2335 1741 2363 cum
1775 2328 1855 2361 arte

306 2390 445 2430 Tiberii
479 2392 647 2430 animum
698 2391 919 2439 depinxisse
966 2393 1063 2430 inter
1107 2404 1240 2431 omnes
1277 2398 1436 2432 constat.
1503 2392 1620 2431 Cuius
1672 2391 1854 2440 principis

301 2465 445 2507 septem
481 2459 536 2496 vel
562 2460 754 2496 orationes
778 2460 834 2496 vel
869 2461 1054 2507 epistulas
1076 2465 1258 2499 executus
1281 2466 1351 2507 est,
1383 2460 1556 2508 exempla
1581 2459 1853 2508 simulationis,

303 2530 342 2562 ut
385 2537 492 2563 suam
535 2526 768 2573 opinionem,
829 2537 942 2573 quam
997 2527 1071 2565 sibi
1119 2527 1292 2571 tinxerat,
1354 2528 1399 2565 de
1449 2527 1600 2565 Tiberio
1661 2527 1850 2574 probaret.

301 2596 474 2634 Ceterum
507 2597 708 2643 exequitur
755 2599 975 2638 ,sententias
1007 2597 1174 2645 insignes
1209 2609 1274 2645 per
1321 2598 1520 2636 honestum
1571 2603 1634 2636 aut
1689 2598 1852 2636 notabili

301 2661 495 2698 dedecorc‘
545 2662 606 2707 (οῖ’.
640 2663 681 2699 Α,
720 2662 778 2707 111,
811 2662 893 2701 65).
954 2664 1081 2700 Altera
1129 2662 1163 2699 in
1208 2663 1411 2700 Annalium
1445 2668 1550 2711 parte
1595 2674 1668 2701 non
1723 2665 1847 2702 minus

300 2730 500 2767 artificioso
531 2742 643 2778 «piam
663 2732 800 2769 'l'ihcrii
833 2734 1013 2772 describit
1035 2733 1196 2770 Neronis
1227 2734 1410 2771 animum.
1477 2734 1674 2782 Egregium
1697 2735 1842 2773 initium
