2062 3201
934 214 1209 255 -10-

278 341 411 388 mavis,
447 340 699 387 exscripsisse
730 340 980 385 Mommscno,
1014 341 1172 378 Nissmm
1206 342 1368 388 aliisque
1398 343 1611 386 credanms,
1643 346 1835 391 quomodo

275 414 447 447 nostrum
482 413 628 445 tantam
681 408 859 454 adeptum
893 418 978 445 esse
1008 409 1290 457 auctoritatem,
1323 420 1437 457 quam
1469 414 1618 449 veteres
1661 412 1693 449 ei
1725 412 1834 450 attri-

275 478 410 523 buum,
430 475 623 513 enucleari
649 471 801 522 potest?
830 474 977 512 Etenim
1002 486 1124 522 neque
1156 477 1338 524 peculiari
1361 477 1526 514 dictione
1549 488 1672 525 neque
1695 479 1834 516 eximia

274 550 356 582 arte
387 543 575 581 narrandi
608 553 680 579 una
716 542 811 579 illud
846 543 1028 580 iudiciuin
1075 543 1169 581 satis
1202 544 1442 592 explanatur.
1503 531 1635 589 Quod*
1666 546 1830 593 primum

272 616 555 660 argumentum.
620 611 665 648 Ut
699 610 787 656 alia,
839 620 937 656 quae
968 610 1129 649 arbitrio
1162 616 1197 649 et
1229 612 1428 650 erroribus
1459 612 1687 651 Mommseni
1718 618 1832 661 atque

272 679 422 717 Nisseni
445 679 633 724 nituntur,
664 678 851 723 omittam,
874 678 1036 715 alterum
1062 685 1193 727 restat,
1225 681 1271 719 de
1292 690 1367 727 quo
1386 680 1515 718 statim
1538 681 1653 719 verba
1677 682 1826 721 faciam.

385 747 503 785 Nobis
534 747 649 795 igitur
679 751 715 784 et
762 756 847 783 eum
876 744 1146 795 Cornelio²)‚
1194 749 1257 796 qui
1304 749 1489 795 quosdam
1538 749 1695 787 minime
1728 750 1834 797 parvi

273 815 459 853 momenti
493 815 597 853 locos
627 814 767 863 pressit
798 814 1044 852 Plutarchum
1068 815 1197 853 Tacito
1229 826 1340 855 usum
1373 827 1457 854 esse
1489 821 1647 855 auctore
1677 822 1712 854 et
1745 827 1829 855 eum

270 883 540 931 Teuffe1102)
573 882 729 921 Dionem
768 882 984 930 inspexisse
1008 887 1181 921 nostrum
1205 895 1432 932 persuasum
1455 889 1525 923 est.
1585 885 1693 929 Quod
1739 896 1829 923 vero

269 951 457 999 sequitur,
489 956 546 989 est
576 952 665 989 hoe:
699 949 986 999 comparatione
1026 950 1181 990 illorum
1213 954 1445 1001 scriptorum
1479 962 1548 990 nec
1580 953 1627 991 de
1658 953 1831 991 sontibus

269 1020 386 1057 Taciti
418 1030 488 1057 nee
518 1021 565 1058 de
597 1019 758 1066 ratione,
805 1028 877 1065 qua
908 1017 953 1056 iis
988 1028 1078 1056 usus
1109 1025 1179 1066 est,
1217 1021 1420 1068 quiequam
1460 1021 1655 1069 explorari
1688 1026 1826 1069 potest,

267 1089 367 1137 quod
400 1088 555 1136 quidem
587 1088 635 1125 ad
666 1086 940 1126 similitudines
971 1086 1117 1125 attinet.
1179 1089 1320 1127 Deinde
1344 1089 1506 1127 mediam
1539 1088 1830 1136 Nipperdeyi

266 1156 495 1194 sententiam
537 1166 621 1194 esse
672 1154 909 1203 probandam
943 1154 1222 1203 existimamus,
1263 1158 1326 1206 qui
1359 1158 1530 1195 Tacitum
1577 1157 1754 1204 quamvis
1787 1157 1825 1194 in

268 1224 471 1273 primarios
500 1223 625 1262 fontes
657 1223 806 1261 modice
837 1227 984 1260 tantum
1020 1222 1267 1270 inquisivisse
1298 1225 1487 1272 videatur,
1538 1229 1667 1263 tamen
1701 1235 1827 1262 rerum

266 1293 498 1341 scriptorum
532 1291 685 1339 quidem
719 1290 922 1339 plurimos,
954 1300 1196 1339 quorumque
1227 1293 1329 1331 haud
1352 1293 1401 1330 ita
1435 1293 1544 1340 pauci
1568 1292 1681 1330 nobis
1704 1292 1821 1340 ignoti

266 1362 355 1409 sint,
386 1360 570 1398 habuisse
600 1364 688 1397 ante
711 1361 847 1398 oeulos
879 1362 915 1395 et
946 1357 1044 1395 inter
1074 1370 1115 1397 se
1145 1360 1355 1398 contulisse
1385 1366 1527 1399 censet.
1589 1360 1690 1398 Licet
1727 1360 1827 1398 enim

266 1430 444 1478 scriptor,
475 1427 541 1466 ubi
573 1427 619 1465 de
649 1427 872 1468 auctoribus
911 1428 1230 1468 dissentientibus
1263 1429 1391 1467 verbis
1423 1429 1596 1467 incertis:
1637 1427 1820 1475 ,quidann

263 1498 342 1546 alii,
373 1497 559 1546 plerique,
592 1496 761 1545 plurimi,
792 1498 949 1546 suntqui
983 1502 1054 1535 ete.
1079 1496 1247 1534 tradunt‘
1282 1497 1450 1546 refert³)‚
1483 1498 1552 1534 lias
1589 1494 1825 1533 differentias

261 1578 306 1605 ex
339 1576 415 1604 uno
446 1569 603 1602 auctore
633 1565 992 1614 transscripsei·it⁴)‚
1024 1570 1151 1602 tamen
1183 1564 1320 1611 reliqui
1351 1570 1439 1603 sunt
1473 1564 1558 1610 loci,
1598 1563 1661 1610 qui
1696 1563 1819 1612 scrip-

259 1641 394 1682 torem,
440 1633 513 1672 nisi
544 1642 630 1670 eum
669 1634 821 1671 mentiri
856 1639 978 1682 putes,
1025 1633 1244 1681 complures
1276 1638 1454 1671 auctores
1508 1632 1606 1670 inter
1638 1641 1680 1669 se
1710 1641 1820 1669 eoin-

262 1714 417 1751 parasse
448 1702 710 1749 comprobent.
775 1703 893 1750 (quod
928 1707 985 1740 est
1015 1701 1178 1739 alterum
1212 1701 1306 1739 illud
1346 1701 1649 1749 argumentum).
1713 1701 1824 1737 Tales·

261 1771 441 1810 afferendi
474 1774 582 1807 sunt:

373 1851 417 1890 ll.
451 1850 495 1896 11,
527 1846 598 1886 37:
629 1848 824 1887 Jnvenio
871 1849 970 1897 apud
1002 1848 1189 1895 quosdam
1240 1852 1415 1885 auctores
1448 1857 1589 1895 pavore
1630 1847 1719 1885 belli
1754 1858 1820 1885 scu

639 1917 792 1955 fastidio
830 1917 1032 1964 utriusque
1068 1914 1252 1964 principis
1287 1944 1591 1954 ........
1624 1915 1824 1953 dubitasse

636 1986 826 2024 exereitus
860 2014 1121 2024 .......
1154 1994 1222 2032 ego
1255 1988 1294 2021 ut
1324 1983 1577 2021 concesserim
1597 2013 1824 2022 ......

640 2053 689 2091 ita
720 2064 846 2101 neque
879 2081 1098 2092 ......
1131 2062 1229 2089 reor.

372 2133 562 2178 Quidam
595 2139 770 2172 auctores
802 2134 1008 2171 fluctuasse
1041 2131 1232 2169 exereitus
1264 2130 1362 2168 inter
1394 2129 1555 2168 consilia
1599 2129 1822 2168 certaminis

261 2203 424 2252 ponendi
455 2207 491 2239 et
524 2212 671 2249 pugnae
701 2202 898 2240 faciendae
930 2200 1151 2239 tradebant:
1185 2209 1296 2246 quem
1330 2198 1462 2236 militis
1495 2198 1666 2236 animum
1700 2197 1822 2235 fuisse

260 2278 389 2311 noster
421 2274 543 2317 negat.
605 2270 733 2317 Neque
766 2271 881 2319 igitur
912 2270 995 2307 sine
1032 2268 1161 2306 critica
1200 2266 1349 2304 ratione
1393 2271 1570 2304 auctores
1617 2265 1820 2313 exscripsit

259 2347 295 2379 et
325 2341 421 2378 alios
460 2342 547 2375 ante
584 2339 715 2375 oculos
749 2338 882 2375 habuit
915 2338 1137 2386 scriptores,
1181 2335 1245 2382 qui
1281 2335 1362 2372 sive
1392 2336 1502 2373 aliter
1533 2335 1615 2372 sive
1640 2334 1736 2372 nihil
1775 2335 1822 2371 de

260 2410 322 2447 illa
356 2419 397 2446 re
429 2405 677 2456 praebebant.

357 2586 388 2626 1)
417 2585 447 2617 Ε.
475 2584 653 2616 Cornelius:
685 2583 702 2615 l.
731 2584 748 2615 Ι.
778 2595 806 2624 p.
833 2584 851 2615 2
878 2596 946 2626 sqq„

349 2643 384 2680 2)
411 2641 546 2673 'souin-l:
576 2642 652 2672 lli-il.
681 2642 751 2673 liiii.
778 2641 895 2673 Romul.
924 2641 1022 2681 3385
1052 2643 1080 2672 7.

348 2702 383 2737 25)
413 2700 622 2729 lion-simam:
654 2698 670 2729 1,
699 2697 718 2728 l.
747 2709 773 2737 p.
801 2698 854 2729 41.

347 2757 382 2795 4)
410 2756 535 2785 Nissen:
563 2754 569 2784 Ι
609 2755 627 2784 i.
659 2763 686 2792 p.
713 2754 790 2785 525.
