2062 3201
852 252 904 257 -
963 229 1008 267 :--·‚1
1078 252 1128 257 -

581 354 753 390 abseutIa
787 354 903 400 patris
936 355 1138 400 fratrisque
1169 364 1210 389 ac
1245 353 1392 389 iuventa
1432 363 1499 388 sua
1535 362 1675 398 pauca
1710 356 1758 388 et

588 422 766 458 modice
797 421 992 458 disseruit.

378 485 440 529 IV,
472 486 549 525 44:
584 489 757 536 proximo
816 494 950 525 senatu
1016 489 1216 525 inchoante
1263 488 1424 524 Caesare
1470 487 1516 522 ‹le
1561 486 1756 522 abolendo

590 557 723 592 dolore
756 556 886 603 iraque
917 562 951 593 et
986 558 1153 603 priorum
1192 563 1406 604 temporum
1447 554 1759 601 neec-sitatibus,

589 623 744 659 censuit
775 624 973 661 Mucianus
1006 624 1153 670 prolixe
1186 634 1254 670 pro
1287 621 1592 664 accusatoribus;
1645 621 1758 657 simul

587 700 651 726 cos
683 690 747 736 qui
778 696 964 737 coeptam,
1021 692 1158 727 deinde¹
1203 690 1384 727 omissam
1425 689 1612 725 actionem
1652 699 1758 734 repe-

586 761 720 801 terent,
780 758 926 794 monuit
982 768 1193 795 sermone
1244 756 1375 794 molli
1440 760 1473 792 et
1524 760 1756 802 tamquam

589 824 828 869 rogaret.¹)

317 887 450 926 Omnia
483 895 720 937 argumenta,
752 902 850 938 quae
880 892 1091 935 attulimus,
1123 891 1153 927 si
1185 893 1497 939 complecteumr,
1531 901 1606 927 non
1634 891 1759 927 minus

205 969 289 996 esse
319 956 528 994 verisimile
572 958 825 995 concedemus
868 960 1036 996 Tacitum
1089 958 1244 996 senatus
1294 964 1374 995 acta
1424 969 1509 994 cum
1560 961 1757 993 auctorum

205 1023 457 1063 relationibus
506 1030 691 1072 perpetuo
738 1028 981 1065 contendisse
1035 1037 1147 1073 quain
1197 1038 1281 1063 euin
1309 1024 1571 1072 epitoinatoris
1610 1028 1758 1060 tantum

206 1104 366 1131 munere
396 1103 480 1130 esse
511 1095 696 1132 functum.
749 1091 850 1132 llaec
881 1096 927 1131 de
955 1099 1110 1131 senatus
1141 1092 1437 1130 commentariis.
1498 1091 1638 1127 Eodem
1672 1101 1760 1127 vero

206 1162 319 1199 modo
350 1171 426 1208 quo
457 1161 504 1199 (le
534 1161 595 1199 his
625 1163 824 1201 dubitatur
853 1163 900 1198 (le
930 1161 1078 1198 diurnis
1110 1160 1216 1205 actis,
1248 1171 1338 1196 num
1361 1159 1512 1195 Tacitus
1544 1169 1585 1195 ea
1607 1157 1757 1194 adierit.

207 1229 408 1266 Enimvero
441 1228 522 1275 ipse
551 1231 660 1267 urbis
690 1236 770 1268 acta
804 1230 929 1266 affert:
964 1229 1028 1266 sed
1064 1238 1138 1263 uno
1170 1232 1316 1264 tantum
1347 1228 1450 1263 loco:

293 1309 389 1346 Anu.
424 1307 486 1352 111,
518 1308 559 1346 3:
594 1315 752 1347 matrem
786 1308 988 1345 Antoniam
1022 1318 1095 1343 non
1143 1307 1242 1353 apud
1281 1310 1456 1342 auctores
1489 1315 1630 1347 rerum,
1683 1315 1758 1341 non

589 1377 753 1413 diurna
802 1380 1014 1412 actorum
1050 1373 1290 1420 scriptura
1324 1372 1472 1419 reperio
1504 1372 1582 1407 ullo
1622 1370 1761 1418 insigni

591 1444 716 1481 officio
736 1445 917 1487 functam,
949 1453 1034 1479 cum
1065 1451 1179 1488 super
1201 1440 1448 1487 Agrippinam
1483 1443 1518 1475 et
1534 1438 1694 1475 Drusum
1728 1442 1763 1474 et

593 1511 792 1548 Claudium
853 1511 966 1548 ceteri
1012 1519 1163 1555 quoque
1213 1507 1485 1554 consanguinei
1536 1506 1759 1542 nominatim

597 1579 798 1626 perscripti
831 1578 919 1615 sint.

324 1656 419 1693 Casu
467 1663 698 1694 commotum
738 1657 799 1694 hic
844 1660 1017 1693 nostrum
1049 1654 1155 1691 urbis
1201 1659 1280 1690 aeta
1321 1653 1533 1699 explicasse
1591 1652 1762 1698 plerique

212 1728 377 1761 censent
442 1722 897 1773 11111110Nipperdeyi1152)
931 1732 996 1769 per
1027 1722 1263 1758 occasionem
1297 1721 1409 1757 modo
1439 1720 1609 1756 Tacitum
1643 1720 1765 1756 sontes

212 1789 415 1838 primarios
466 1790 680 1839 inspexisse
727 1790 948 1829 arbitratur.
1010 1789 1185 1825 Attamen
1228 1788 1258 1823 si
1306 1787 1470 1824 Plinium
1504 1787 1562 1823 vel
1604 1787 1759 1823 omnino

214 1857 331 1894 Taciti
363 1862 540 1896 auctores
592 1860 722 1907 populi
756 1863 836 1895 acta
870 1858 1011 1894 adiisse
1044 1854 1241 1902 probabile
1278 1855 1542 1891 existimemus
1577 1858 1613 1890 et
1643 1854 1764 1900 scrip-

213 1930 316 1962 tores
352 1924 536 1963 historiae
580 1926 775 1974 Augustae
821 1924 904 1961 siue
943 1923 1059 1960 dubio
1106 1922 1151 1958 iis
1201 1932 1292 1958 usos
1337 1932 1420 1958 esse
1467 1921 1767 1968 consideremus,

214 1993 425 2031 occasionis
456 1994 683 2031 sententiam
716 1995 879 2041 probare
908 1996 1141 2029 cunctemur.
1202 1988 1331 2035 Neque
1379 1988 1478 2025 enim
1525 1988 1608 2025 sine
1653 1999 1765 2025 causa

215 2060 529 2108 Nippe1·deyius³)
561 2062 731 2099 Tacitum
765 2061 982 2107 vituperare
1012 2056 1230 2103 suspicatur
1265 2055 1428 2091 Plinium
1461 2055 1520 2091 liis
1552 2055 1698 2092 verbis:

363 2139 464 2183 XIIL
496 2137 565 2176 31:
597 2138 747 2176 Nerone
777 2140 914 2176 iteruin
950 2138 990 2173 L.
1025 2136 1161 2172 Pisone
1191 2134 1415 2171 consulibus
1440 2145 1557 2180 pauca
1584 2135 1765 2171 memoria

602 2207 715 2254 digna
747 2216 921 2250 evenere,
954 2204 1026 2241 nisi
1058 2202 1117 2239 cui
1150 2201 1266 2239 libeat
1288 2202 1489 2239 laudandis
1512 2202 1770 2239 fundamentis

602 2279 637 2311 et
668 2274 858 2319 trabibus,
890 2272 976 2319 quis
1011 2270 1148 2307 molem
1170 2270 1442 2317 amphitheatri
1475 2270 1576 2317 apud
1597 2279 1772 2316 campum

602 2340 734 2378 Martis
785 2341 924 2378 Caesar
962 2342 1197 2381 extruxerat,
1244 2337 1436 2374 volumina
1470 2337 1641 2384 implere,
1688 2347 1773 2373 cum

605 2417 651 2444 ex
683 2408 868 2455 dignitate
891 2406 1019 2455 populi
1044 2405 1203 2441 Romani
1228 2409 1417 2451 repertum
1449 2405 1497 2441 sit
1520 2416 1580 2442 res
1606 2405 1775 2442 illustres

601 2475 819 2520 annalibus,
850 2474 938 2512 talia
974 2472 1122 2509 diurnis
1154 2471 1260 2509 urbis
1292 2471 1385 2508 actis
1418 2473 1610 2510 mandare.

318 2637 352 2679 1)
378 2642 476 2678 praet.
503 2641 540 2672 cl'.
569 2642 605 2672 H.
631 2641 662 2682 11,
687 2642 740 2673 91.
774 2641 817 2681 lv,
842 2641 872 2671 4.
900 2642 929 2671 e.
957 2640 986 2670 S.
1013 2640 1042 2671 2³.
1070 2640 1122 2670 43.

317 2693 354 2734 2)
381 2695 580 2738 Nipperdey:
606 2697 701 2738 praes.
729 2707 758 2737 p.
782 2694 836 2727 25.

315 2749 351 2790 3)
379 2751 576 2793 Nipperdey:
600 2752 697 2792 praes.
726 2762 753 2792 p.
784 2752 836 2783 28.
