2062 3201
848 222 1126 261 -w-

313 349 398 386 Tac.
432 348 529 389 Anu.
563 349 625 394 Xl,
659 345 729 386 24:
775 359 863 385 num
912 346 1118 394 paenitet
1174 346 1311 382 ltalbos
1357 356 1402 380 ex
1455 342 1635 391 Hispania
1686 353 1753 379 nee

774 415 900 451 minus
933 414 1149 462 insignes·
1183 413 1285 450 viu-os
1316 425 1335 449 e
1366 412 1487 448 Gallia
1520 409 1756 447 Narbonensi

777 478 1028 519 transivisse?

318 547 465 585 Claudii
498 560 553 588 or.
587 562 621 597 p.
655 551 739 587 llll:
776 554 829 586 tot
874 558 960 585 eece
1008 549 1218 595 insignes
1269 547 1437 587 iuvenes,
1469 549 1560 591 quot
1595 544 1755 586 intueor,

777 627 851 653 non
905 616 1024 663 magis
1089 619 1177 651 sunt
1233 613 1501 660 paenitendi
1564 615 1760 648 senatores

776 696 888 730 quam
924 683 1130 730 paenitet
1163 682 1356 718 Persicum
1389 710 1396 716 .
1433 710 1439 717 .
1476 710 1483 716 .
1518 709 1526 717 .
1559 680 1698 726 legere.

321 749 399 792 Qua
444 760 484 785 re
530 750 699 786 Tacitum
746 751 893 788 Claudii
937 750 1149 787 orationem
1181 749 1398 795 genuinam,
1443 758 1541 793 quae
1587 750 1665 783 erat
1722 744 1759 780 iu

208 822 364 855 senatus
395 817 679 854 commentariis
712 819 934 864 perscripta,
967 817 1120 854 novisse
1140 816 1186 851 ad
1218 820 1361 851 certum
1388 814 1585 861 redigitur.
1646 812 1696 847 Ac
1728 811 1760 846 si

211 884 327 923 semel
359 882 523 929 scriptor
553 884 763 922 orationem
796 885 1086 931 emiserimurus
1116 882 1318 929 genuinam
1338 881 1445 923 adiit,
1478 891 1552 917 non
1584 878 1760 925 estquod

214 953 250 989 in
281 951 416 988 ceteris
450 951 562 988 liuius
595 952 746 998 quidem
777 952 981 989 Annalium
1016 950 1135 997 partis
1168 950 1255 986 ilem
1288 960 1373 985 eum
1409 948 1543 985 secisse
1565 956 1759 993 neg-remus.

214 1041 263 1046 —
299 1019 419 1055 Aliter
450 1030 541 1056 sane
579 1030 639 1056 res
686 1031 726 1056 se
777 1020 918 1056 habere
950 1019 1099 1055 videtur
1149 1017 1185 1053 in
1240 1016 1357 1063 prima
1391 1015 1594 1051 Annalium
1645 1017 1763 1060 parte.

214 1088 376 1123 obstant
406 1086 505 1123 euim
539 1088 613 1123 duo
646 1087 769 1132 loci‚²)
801 1086 942 1132 quibus
973 1085 1143 1122 Tacitum
1178 1084 1214 1121 iu
1249 1082 1380 1130 primis
1427 1082 1535 1118 libris
1573 1086 1653 1117 acta
1686 1090 1762 1116 nou

216 1153 438 1190 adhibuisse
489 1154 744 1190 demonstrari
809 1153 955 1189 credas,
1041 1153 1163 1198 Atque.
1218 1148 1494 1197 Nipperdeyius
1551 1144 1765 1192 credidit.³)

217 1221 335 1258 Cuius
366 1221 734 1267 argumentationem
769 1230 853 1257 esse
886 1220 1114 1256 reiciendam
1161 1228 1310 1255 censeo.
1372 1217 1482 1253 Prius
1529 1216 1576 1251 de
1607 1214 1704 1250 Ami.
1740 1211 1767 1256 l,

220 1287 266 1327 81
304 1299 434 1336 agam:

489 1356 535 1390 de
566 1354 729 1391 comitiis
761 1352 1042 1398 consularibus,
1075 1363 1172 1399 quae
1190 1357 1268 1389 tum
1304 1351 1466 1398 primum
1502 1349 1566 1385 illo
1598 1348 1767 1395 principe

422 1432 464 1457 ac
514 1421 692 1468 deinceps
745 1422 861 1463 suere,
911 1420 974 1456 vix
1020 1420 1221 1466 quicquam
1274 1419 1425 1454 tirmare
1475 1415 1618 1452 ausim:
1677 1414 1771 1450 adeo

423 1488 574 1525 diversa
624 1499 701 1525 nou
734 1488 845 1524 niodo
891 1488 992 1534 apud
1023 1492 1198 1523 auctores
1249 1487 1315 1523 sed
1364 1485 1399 1521 in
1433 1483 1552 1531 ipsius
1598 1481 1772 1529 (Tiberii)

427 1556 667 1592 orationibus
714 1554 968 1601 reperiuntur.
1058 1554 1169 1591 Modo
1220 1552 1426 1591 subtractis
1480 1550 1772 1587 candidatorum

426 1623 646 1660 nominibus
693 1622 876 1668 originem
925 1621 1109 1668 cuiusque
1158 1626 1193 1658 et
1224 1622 1340 1657 vitam
1390 1624 1426 1656 et
1464 1617 1655 1664 stipendia
1707 1617 1772 1652 de—

428 1691 594 1738 scripsit,
633 1695 672 1726 ut
703 1689 767 1735 qui
800 1690 923 1725 forent
954 1688 1282 1736 intellegerentur;
1314 1687 1518 1734 aliquando
1551 1696 1590 1722 ea
1628 1693 1779 1731 quoque

426 1758 703 1806 significatione
748 1757 941 1793 subtracta
992 1756 1215 1793 caudidatos
1273 1756 1458 1799 hortatus,
1519 1763 1565 1789 ne
1634 1751 1780 1788 ambitu

427 1827 577 1863 comitia
610 1825 821 1869 turbarent,
853 1834 960 1860 suam
991 1824 1037 1860 ad
1072 1823 1107 1859 id
1139 1834 1270 1860 euram
1314 1820 1506 1868 pollicitus
1545 1824 1602 1857 est
1636 1849 1644 1856 .
1679 1848 1687 1856 .
1721 1848 1729 1855 .
1773 1845 1780 1852 .

339 1895 420 1939 Quo
453 1904 499 1929 ex
530 1893 612 1929 loco
637 1891 808 1928 Tacitum
848 1892 917 1927 hac
952 1891 1151 1928 occasione
1173 1894 1328 1928 senatus
1360 1893 1441 1925 acta
1472 1898 1549 1925 nou
1573 1886 1786 1934 inspexisse

227 1963 376 1999 elucere
405 1958 745 2007 Nipperdeyius
789 1957 942 1994 iudicat.
1003 1956 1096 1993 Nam
1127 1958 1158 1994 si
1208 1957 1257 1992 ita
1292 1954 1454 1999 fecisset,
1507 1957 1608 1990 certe
1671 1950 1778 1998 quic-

228 2037 342 2073 quam
391 2030 438 2066 de
473 2025 637 2063 comitiis
682 2023 950 2061 consularibus
996 2022 1148 2059 firmare
1197 2020 1329 2068 potuit.
1390 2020 1435 2056 At
1484 2019 1773 2056 candidatorum

231 2093 384 2131 nomina
447 2095 484 2131 in
541 2096 698 2129 senatus
759 2090 852 2126 actis
899 2089 1109 2136 perscripta
1171 2087 1288 2124 fuisse
1347 2085 1535 2123 Tiberio
1595 2084 1779 2131 quidem

234 2160 447 2207 principe
478 2159 579 2195 unde
595 2155 874 2205 Nipperdcyius
907 2152 1001 2191 scit?
1033 2153 1164 2190 Nonne
1195 2152 1358 2198 scriptor
1390 2152 1461 2188 hoc
1493 2151 1575 2188 loco
1608 2147 1780 2197 exponit,

231 2237 298 2263 cur
329 2228 436 2270 ,adeo
468 2225 616 2262 diversa
647 2234 724 2261 non
755 2222 867 2259 modo
899 2220 1000 2268 apud
1023 2224 1196 2256 auctores
1227 2218 1293 2255 sed
1326 2217 1362 2253 in
1395 2217 1515 2264 ipsius
1541 2215 1781 2253 orationibus

233 2288 509 2339 reperiantur‘?
556 2291 636 2335 Qua
683 2291 729 2327 de
773 2298 886 2326 causa
930 2290 1120 2327 auctores,
1174 2284 1239 2331 qui
1289 2287 1393 2320 certe
1440 2287 1505 2319 aut
1552 2282 1629 2319 illis
1688 2286 1784 2318 tem-

235 2357 393 2405 poribus
469 2358 666 2393 senatores
741 2355 890 2390 t'uerant
950 2354 1014 2387 aut
1086 2353 1240 2386 senatus
1316 2346 1600 2384 commentariis
1682 2349 1790 2383 erant

236 2423 308 2465 usi,
352 2421 447 2459 nihil
483 2419 574 2457 certi
618 2414 879 2456 tradiderant?
932 2416 1065 2453 Nonne
1117 2414 1206 2460 quia
1242 2412 1419 2450 Tiberius
1472 2411 1509 2447 iu
1546 2411 1786 2449 orationibus

238 2485 317 2522 suis
399 2481 686 2520 candidatorum
763 2479 917 2516 nomina
981 2475 1232 2514 subtrahebat
1298 2479 1362 2511 aut
1425 2472 1663 2520 ,plerumque
1724 2481 1788 2509 eos

333 2626 364 2666 Ι)
390 2626 428 2657 cf.
455 2624 645 2666 Nipperdey:
671 2624 719 2655 ed.
746 2625 825 2654 Anu.
853 2622 882 2653 ll.
912 2630 939 2660 p.
965 2620 1040 2652 304.

328 2676 365 2717 2)
391 2678 465 2708 Tac.
492 2678 570 2707 Anu.
597 2675 616 2716 l,
642 2674 695 2705 81.
726 2673 758 2711 ll,
785 2670 838 2705 88.

331 2728 366 2768 3)
393 2727 584 2768 Nipperdey:
611 2726 707 2767 praes.
736 2735 763 2766 p.
792 2724 846 2760 24,
