2062 3201
768 242 1041 282 -2-,9—

149 370 265 420 (xiil,
296 368 351 414 4),
402 368 599 406 horribilis
642 368 767 405 exitus
798 368 913 415 (XVI,
960 366 1025 406 21.
1058 365 1124 406 28.
1157 368 1244 412 311!
1304 369 1601 420 'transgressum
1639 373 1687 410 ab

148 432 213 473 illo
242 435 288 471 ad
320 434 420 470 hune
433 433 583 470 Tacitus
613 432 749 469 eximia
782 437 862 469 arte
891 432 1130 471 describendi
1163 433 1272 470 nobis
1301 438 1387 471 ante
1417 435 1682 484 oculosponitl

148 499 340 539 Gradatim
386 498 577 536 cernimus
608 495 793 534 Neronem
824 508 843 534 a
877 497 986 535 bonis
1034 498 1204 536 consiliis
1261 498 1394 544 pedem
1439 501 1684 539 referentem:

147 563 351 602 crudelitas
384 568 420 600 et
451 562 629 600 libidines
660 562 828 599 nondum
861 568 1028 611 eruptae,
1066 564 1154 601 duni
1187 564 1393 612 Agrippina
1426 571 1545 604 mater
1574 567 1679 613 vivit,

148 631 235 668 dum
270 629 411 667 Burrus
459 639 502 665 ae
532 629 673 665 Seneca
705 627 848 674 valent,
895 628 1034 674 quibus
1079 629 1215 667 amotis
1248 630 1353 667 furor
1398 631 1681 672 immoderatus.

150 701 316 738 Primum
350 711 439 737 vero
470 699 690 737 mutationis
721 698 879 745 gradum
926 698 1110 746 signifieat
1142 699 1371 747 Agrippinae
1405 702 1536 740 matris
1567 703 1688 741 oratio

149 765 208 813 (Α.
242 765 340 809 Xlil,
372 762 457 812 21),
490 763 663 801 ultimum
695 764 861 801 Senecae
891 768 926 801 et
956 763 1115 802 Neronis
1146 764 1260 812 (XIV,
1292 762 1356 802 53.
1390 764 1455 803 54.
1489 767 1585 815 XIV,
1617 767 1683 808 55.

148 826 230 875 56).
290 829 363 875 ,Aa
397 834 675 876 postremum
709 828 823 865 Nero
857 828 1074 866 virtutem
1108 829 1251 877 ipsam
1284 829 1534 869 excindere
1583 843 1687 872 con-

147 895 333 943 cupivit‘
379 895 491 941 (xvi,
531 893 617 941 21):
678 895 846 933 Soranus
890 900 926 932 et
962 894 1128 934 Thrasea
1177 903 1403 935 accusantur
1451 898 1568 947 (XVI,
1619 898 1685 938 21.

148 961 243 1002 xvi.
276 959 357 1009 28).
417 960 609 1008 Nusquam
644 960 721 997 fere
751 960 867 998 Taciti
899 971 960 997 ars
992 961 1197 1000 dramatica
1237 963 1375 1001 clarior
1419 964 1540 1001 elucet
1569 975 1681 1012 quam

147 1031 216 1067 hae
245 1028 456 1065 occasione.
518 1027 665 1074 Ubique
696 1027 794 1064 enim
829 1039 888 1065 rcs
917 1027 1042 1074 agitur
1072 1034 1107 1067 et
1137 1031 1336 1078 celeratur,
1367 1032 1510 1080 ubique
1533 1034 1684 1071 animus

143 1093 302 1141 legentis
364 1093 583 1140 percutitur.
658 1091 863 1140 Fastigium
914 1097 1039 1130 autem
1091 1096 1271 1143 ascendit,
1336 1107 1420 1134 cum
1467 1097 1682 1142 Serviliam,

143 1159 277 1197 Sorani
314 1157 443 1203 tiliam,
491 1168 639 1195 summa
682 1158 946 1205 desperatione
994 1163 1029 1195 et
1074 1165 1242 1198 metuet
1275 1173 1424 1201 armore
1468 1163 1670 1200 excitatam

145 1227 230 1265 facit
259 1225 443 1261 dicentem
477 1224 590 1273 (xvi,
621 1222 703 1271 31).
764 1223 855 1260 Nam
887 1235 972 1261 cum
1002 1227 1170 1264 narratIo
1201 1227 1405 1267 maximam
1434 1229 1679 1275 consequitur

143 1291 348 1338 agilitatem
382 1294 459 1327 tmn
493 1289 661 1326 Soranus
695 1288 793 1325 tiliae
824 1299 953 1326 amore
983 1290 1184 1330 artificiose
1215 1292 1445 1340 depingitur.

211 1576 265 1633 2)
298 1577 360 1621 de
392 1577 571 1624 Taciti
604 1580 719 1622 arte
751 1579 1067 1623 orationum
1097 1579 1623 1625 conscribendarum.

256 1669 474 1708 Promiscue
496 1670 647 1708 Tacitus
678 1671 888 1708 orationem
921 1676 1060 1709 rectam
1093 1676 1128 1708 et
1150 1672 1342 1718 obliquam
1374 1673 1540 1711 adhibet.
1586 1673 1684 1718 Quin

143 1737 254 1775 etiam
277 1736 465 1775 interdum
487 1748 700 1776 sermonem
719 1748 764 1774 ex
784 1738 903 1774 forma
924 1738 1103 1775 indirecta
1128 1739 1215 1775 facit
1235 1744 1491 1776 transeuntem
1512 1740 1547 1776 in
1561 1741 1683 1777 direc-

143 1805 218 1838 tam
238 1801 378 1849 (H.1lt‚
397 1801 452 1850 2),
483 1803 674 1849 rhetorici,
706 1807 745 1838 ut
767 1803 927 1846 videtur,
960 1804 1115 1840 effectus
1144 1804 1274 1849 gratia.
1340 1804 1447 1842 Velut
1470 1804 1621 1841 Antonii
1642 1804 1678 1842 in

144 1869 333 1906 oratione:
352 1870 560 1917 tranquillo
580 1875 711 1907 tenore
736 1870 898 1917 primuni
918 1870 1046 1908 hostes
1064 1881 1148 1907 esse
1173 1871 1470 1908 contemnendos
1498 1871 1680 1918 explieat:

144 1943 256 1979 nunc,
281 1945 367 1972 mox
392 1947 451 1973 res
482 1936 552 1973 alia
579 1936 662 1972 erit.
703 1935 794 1972 Tres
813 1936 1127 1983 interrogationes
1149 1936 1363 1984 significant
1378 1947 1526 1974 summa
1547 1935 1684 1984 prioris

144 1999 274 2046 partis.
335 2000 411 2038 lam
443 2002 575 2049 incipit
604 2002 719 2039 altera
754 2013 852 2049 pars.
915 2002 1054 2040 lterum
1087 2002 1309 2041 deliberatio
1335 2004 1441 2041 initio
1461 2008 1681 2052 temperata.

143 2065 276 2102 Statim
324 2076 413 2103 vero
464 2067 568 2105 furor
615 2078 747 2104 rursus
793 2066 971 2114 erumpit.
1030 2067 1160 2105 Oratio
1214 2068 1253 2105 fit
1301 2073 1412 2106 recta.
1474 2069 1615 2108 Deinde
1646 2068 1682 2106 in

144 2130 283 2168 Tiberii
315 2130 374 2178 (Α.
408 2132 468 2178 lv,
500 2130 559 2179 8)ss
591 2132 698 2170 cuius
729 2130 1006 2177 ‚continuae‘
1042 2137 1166 2181 patres
1212 2138 1333 2171 morte
1364 2134 1473 2173 Drusi
1519 2139 1683 2173 maestos

143 2196 322 2245 erigentis
378 2208 565 2236 summam
613 2198 774 2246 scriptor
826 2202 1025 2245 postquam
1078 2198 1221 2235 rettulit
1285 2210 1462 2238 sermone
1506 2199 1676 2247 obliquo,

144 2261 338 2299 Tiberium
388 2263 600 2301 Germanici
649 2263 748 2300 filios
802 2273 914 2299 manu
963 2263 1308 2310 apprehendentem
1356 2263 1444 2300 facit
1485 2273 1681 2300 exorsum:

145 2326 318 2371 ‚Patres
348 2327 627 2375 conscripti,
675 2328 778 2373 hos,
812 2326 988 2372 inquit,
1036 2327 1226 2364 orbatos
1270 2333 1460 2374 parente
1506 2327 1681 2365 tradidi

146 2397 305 2438 patruo
339 2423 347 2431 .
380 2423 387 2431 .
422 2424 429 2431 .
465 2398 484 2430 .”
518 2393 757 2431 Allocutione
789 2393 962 2440 princeps
995 2393 1141 2440 incipit:
1173 2396 1273 2441 quod
1304 2395 1419 2432 animi
1446 2395 1607 2442 perculsi
1634 2406 1677 2431 ac

145 2459 347 2496 maerentis
391 2460 659 2497 documentum
707 2463 763 2496 est
804 2469 824 2494 a
869 2458 1055 2506 scriptore
1098 2461 1191 2497 scite
1237 2460 1463 2498 adhibitum.
1542 2460 1679 2498 Eodem

144 2527 301 2565 artificio
350 2529 462 2566 etiam
495 2528 640 2566 Hortali
671 2528 730 2575 (Α.
765 2526 809 2573 11,
842 2525 910 2573 37)
944 2528 1107 2574 petentis
1138 2533 1368 2576 patrumque
1418 2529 1680 2567 auctoritatem

144 2597 252 2634 veriti
283 2598 433 2636 animus
464 2598 693 2646 depingitur.
753 2595 893 2632 Contra
924 2594 1098 2633 Tiberius
1143 2595 1180 2632 in
1211 2595 1285 2633 sine
1332 2596 1483 2633 deinum
1533 2593 1681 2632 dicendi

144 2661 361 2707 ‚tlon-tale‘
394 2664 527 2702 inserit
549 2664 609 2712 (Α.
628 2663 673 2708 ΙΙ,
705 2658 788 2708 38).
848 2661 955 2705 Quod
988 2661 1124 2699 deinde
1153 2662 1200 2699 ad
1223 2662 1511 2710 dispositionem
1535 2661 1681 2705 attinet,

144 2731 333 2767 orationes
363 2730 444 2768 sive
475 2730 648 2768 bifariam
686 2729 766 2766 sive.
797 2728 980 2766 trifariam
1023 2728 1103 2765 sive
1141 2727 1412 2774 quadrifariam
1457 2726 1679 2774 dispertitae

1562 2846 1605 2887 7*
