2062 3201
826 211 1096 251 -11-

304 339 346 383 ll,
384 335 478 376 lOl:
511 338 715 384 scriptores
754 343 980 385 temporum,
1014 336 1076 382 qui
1113 334 1276 382 potiente
1311 345 1433 372 rerum
1461 331 1588 369 Flavia
1622 331 1734 367 domo

383 405 611 443 monimenta
662 405 749 442 belli
800 404 956 441 liuiusce
1009 407 1319 450 composuerunt.
1371 411 1500 437 curam
1544 397 1646 445 pacis
1692 400 1731 433 01

383 483 549 509 amorem
617 472 668 509 rei
737 472 910 519 publicae
958 475 1157 518 corruptas
1207 470 1241 506 in
1292 468 1548 505 adulationem
1596 474 1730 503 causas

382 540 595 576 tradidere:
628 540 738 577 nobis
769 550 884 586 super
918 539 1067 576 insitam
1104 565 1361 576 .......
1394 535 1582 572 videntur.

293 606 434 644 lterum
466 607 616 644 Tacitus
648 611 823 644 auctores
856 606 1046 654 vituperat
1095 610 1128 641 01
1162 603 1350 641 emendat.
1413 601 1556 646 Quodsi
1595 610 1730 637 omnes

182 679 340 723 propter
369 675 526 712 eandem
575 685 652 712 rem
698 674 834 722 arguit,
868 685 1000 711 omnes
1046 672 1224 720 inspexit,
1270 671 1332 717 qui
1366 669 1518 717 quidem
1566 667 1731 715 potiente

181 754 308 781 rerum
339 742 465 779 Flavia
498 743 610 779 domo
643 742 873 779 monimenta
905 741 993 778 anui
1027 736 1396 787 undeseptuagesimi
1421 739 1730 784 composuerunt.

182 810 351 854 Quorum
427 810 603 847 novimus
665 810 885 854 Plinium,
950 808 1210 852 Messalam,
1270 804 1480 842 Cluvium
1545 803 1729 848 Rufum,

182 876 453 915 Suetonium
484 872 780 914 Paulinuni'v.

292 945 356 990 ΙΙΙ,
388 942 458 981 22ς
490 945 662 982 ordinem
695 944 858 991 agminis
889 974 895 981 .
931 973 938 981 .
973 975 980 982 .
1016 973 1023 981 .
1053 944 1280 980 adseverare
1310 949 1386 977 non
1419 937 1556 982 ausim,
1588 946 1726 984 quam-

496 1022 609 1058 quam
643 1011 705 1047 alii
738 1011 961 1049 tradiderint
995 1039 1170 1048 .....

292 1080 371 1117 Ηο0
399 1079 551 1126 quidem
605 1080 686 1116 1000
725 1084 854 1117 noster
898 1079 932 1116 id
985 1079 1085 1125 quod
1118 1077 1211 1122 ,alii‘
1261 1074 1507 1121 prodiderant
1560 1083 1634 1110 non
1683 1082 1729 1109 ex

179 1156 254 1184 uno
286 1147 389 1185 fonte
418 1147 694 1195 transscripsit,
726 1148 791 1184 sed
826 1148 906 1195 ispe
937 1146 1050 1184 etiam
1084 1145 1206 1191 ,alios‘
1239 1141 1344 1180 adiit.

381 1212 453 1252 25:
488 1225 566 1253 rem
600 1215 830 1262 nominaque
861 1219 1015 1253 auctore
1045 1213 1270 1260 Vipstano
1300 1207 1495 1247 Messala
1529 1206 1689 1245 tradam.

290 1282 366 1321 Cur
413 1283 564 1321 Tacitus
616 1283 677 1320 bic
734 1283 904 1320 nominat
955 1277 1226 1320 Messalam?
1284 1277 1470 1315 Nimirum
1515 1275 1602 1322 quia
1662 1274 1726 1312 alii

178 1349 272 1387 1111111
303 1350 349 1387 de
377 1350 440 1387 illa
473 1361 513 1387 re
542 1350 743 1388 tradebant
774 1361 895 1397 neque
927 1350 1006 1397 ipse
1031 1360 1108 1386 rem
1143 1348 1315 1395 obligare
1347 1344 1481 1393 potuit.

374 1415 444 1456 28:
475 1417 658 1455 Hormine
690 1418 723 1455 id
758 1418 964 1466 ingenium,
1012 1422 1051 1455 ut
1082 1415 1275 1454 Messala
1326 1412 1455 1458 tradit,
1502 1421 1549 1448 an
1599 1409 1724 1458 potior

465 1490 597 1522 auctor
642 1486 691 1523 sit
738 1486 777 1524 C.
810 1485 1013 1531 Plinius,
1048 1484 1112 1531 qui
1157 1482 1363 1521 Antonium
1412 1479 1572 1524 incusat,
1627 1477 1730 1515 liaud

465 1553 578 1591 facile
609 1553 866 1591 discreverim.

290 1621 440 1660 Tacitus
471 1621 634 1670 dubitat,
664 1626 792 1658 utrum
824 1621 1015 1658 Messala
1065 1620 1189 1668 potior
1225 1621 1357 1655 auctor
1403 1615 1451 1652 sit
1482 1623 1530 1650 an
1562 1612 1602 1650 C.
1636 1611 1727 1649 Pli-

178 1691 292 1729 nius.
354 1690 519 1736 Uterque
563 1690 610 1726 de
640 1690 771 1726 eadem
803 1700 841 1725 re
871 1689 972 1725 varia
1005 1687 1299 1731 contendebant,
1331 1694 1416 1721 cum
1444 1680 1558 1719 ceteri
1605 1679 1727 1727 scrip-

177 1765 278 1797 tores
323 1756 594 1795 consentirent.
668 1757 746 1800 Qua
795 1757 840 1792 de
887 1766 999 1793 causa
1047 1755 1210 1802 scriptor
1255 1752 1407 1790 nomina
1459 1749 1581 1786 affert.
1659 1747 1725 1785 Sin

176 1838 265 1867 vero
310 1825 525 1869 haesitavit,
571 1825 746 1872 quisnam
792 1829 887 1861 esset
936 1823 1220 1871 praeferendus,
1266 1819 1424 1857 Messala
1458 1828 1506 1854 an
1555 1816 1719 1861 Plinius,

175 1908 265 1935 num
302 1895 465 1933 Plinium
498 1893 738 1940 potissimum
771 1896 977 1937 auctorem,
1010 1896 1049 1928 ut
1080 1891 1263 1927 Nissenus
1291 1887 1512 1930 arbitratur,
1544 1888 1718 1921 secutum

176 1975 260 2003 esse
293 1960 499 2001 verisimile
529 1957 610 1998 est?
642 1960 772 1998 Nonne
804 1960 929 2008 potius
959 1969 1043 1997 eum
1076 1958 1209 1995 ambos
1241 1957 1339 1994 inter
1370 1965 1410 1993 se
1438 1948 1673 1991 contulisse?

290 2032 353 2077 Ill,
385 2028 456 2067 51:
489 2028 760 2066 celeberrimos
800 2034 973 2066 auctores
1020 2027 1163 2064 habeo
1199 2053 1371 2063 .....
1407 2031 1474 2059 nec
1524 2020 1726 2068 quicquam

492 2098 589 2135 ultra
624 2097 796 2134 traditur.

289 2168 393 2211 Quae
423 2166 536 2203 verba
572 2165 887 2214 interpretatione
918 2174 993 2201 11011
1026 2167 1150 2209 egent.

291 2235 352 2273 1V.
386 2231 457 2272 83:
519 2234 626 2282 origo
686 2234 745 2271 1101
804 2233 972 2270 nondum
1034 2229 1174 2267 nostris
1232 2225 1453 2265 auctoribus
1513 2222 1724 2261 celebrata:

517 2302 790 2349 Aegyptiorum
822 2299 1011 2337 antistites
1042 2298 1095 2335 sic
1128 2298 1359 2333 memorant:
1393 2320 1571 2330 .....

287 2370 434 2408 Nostris
464 2369 703 2407 auctoribus!
738 2369 888 2405 Tacitus
921 2367 1034 2414 igitur
1066 2366 1102 2402 id
1134 2364 1235 2411 quod
1268 2363 1314 2399 de
1335 2361 1481 2408 origine
1512 2358 1571 2396 dei
1596 2357 1727 2405 tradit,

176 2450 221 2477 ex
251 2438 405 2476 Graecis
436 2438 656 2476 auctoribus
689 2436 828 2473 hausit.
888 2434 980 2471 Nam
1013 2434 1135 2481 ipsum
1170 2433 1206 2469 111
1239 2432 1336 2468 lianc
1372 2439 1449 2467 rem
1482 2425 1727 2473 inquisivisse

176 2508 369 2545 declarant
401 2507 515 2544 verba
548 2505 744 2552 sequentis
775 2503 929 2550 capitis:

371 2572 441 2613 84:
475 2585 545 2612 1100
573 2584 668 2612 suni
703 2572 894 2620 ignarus
925 2580 1009 2607 esse
1040 2569 1223 2615 quosdam
1245 2593 1462 2605 ......
1494 2562 1557 2599 alii
1590 2592 1598 2600 .
1631 2589 1640 2598 .
1676 2590 1684 2599 .
1716 2589 1726 2601 .

288 2643 418 2691 Neque
447 2642 612 2680 Graecos
645 2644 818 2678 auctores
852 2636 1058 2684 ignoravit:

269 2744 302 2783 1)
329 2745 367 2775 1·1’.
395 2743 588 2785 Ν1[1ρο·1·110);
615 2742 665 2773 ud.
695 2742 774 2771 Α1111.
803 2738 831 2778 ΙΙ,
865 2738 931 2768 lut.
