2062 3201
825 251 876 256 -.
938 225 990 266 εὶς,
1053 251 1103 255 ,-

183 356 344 405 genuina
391 355 539 394 Claudii
571 355 743 393 oratione
789 353 837 389 ab
870 363 914 389 co
961 352 1139 399 perlecta.
1200 351 1257 388 An
1289 350 1372 388 eius
1402 354 1576 388 auctores
1623 359 1732 386 veras

183 427 375 463 orationes
407 437 453 463 ex
484 432 642 464 senatus
674 424 767 461 actis
798 419 1150 470 transcripserunt?

354 493 438 540 XII7
470 492 542 532 22:
574 493 674 531 exim
707 491 889 528 Claudius
921 490 1088 527 inaudita
1134 501 1194 527 rea
1236 491 1379 528 multa
1431 490 1477 526 de
1508 489 1737 526 claritudine

577 563 658 599 cius
690 559 788 607 apud
824 562 996 596 senatum
1030 558 1267 604 praefatus
1298 586 1474 596 .....

472 628 542 667 25:
576 630 705 667 habita
737 628 837 675 apud
868 632 1042 664 senatum
1079 628 1251 666 oratione
1282 629 1317 664 In
1349 629 1528 672 eundem,
1568 637 1679 673 quem
1713 638 1733 662 a

574 701 710 737 liberto
741 703 949 745 acceperat,
983 699 1150 735 modum.

475 767 546 805 61:
580 769 725 806 rettulit
746 767 963 816 (Claudius)
986 767 1074 804 dein
1105 768 1151 804 de
1172 768 1410 806 immunitate
1428 768 1515 807 Cois
1535 768 1738 806 tribuenda

571 838 808 884 multaque
840 846 956 883 super
983 836 1209 882 antiquitate
1239 847 1369 874 eorum
1404 837 1642 875 memoravit.

359 902 457 950 XIII,
489 905 531 942 4:
564 907 610 943 de
654 905 879 943 auctoritate
925 909 1073 950 patrum
1117 911 1153 941 et
1190 916 1380 944 consensu
1410 907 1572 944 militum
1611 916 1738 954 prae-

573 976 696 1011 fatus
738 974 896 1011 consilia
947 973 1020 1010 sibi
1053 978 1087 1009 et
1118 974 1291 1022 exempla
1324 976 1547 1022 capessendi
1591 975 1740 1023 egregie

572 1043 722 1090 imperii
756 1043 982 1079 memoravit
1014 1042 1159 1091 (Nero).

475 1109 542 1148 11:
574 1110 815 1147 clementiani
847 1120 954 1146 suam
984 1109 1228 1157 obstringens
1275 1111 1460 1151 crebris
1495 1113 1735 1150 orationibus

575 1181 717 1229 (Nero),
763 1192 876 1227 quas
907 1181 1079 1218 Seneca
1123 1182 1373 1229 testificanda,
1411 1194 1525 1230 quam
1578 1185 1739 1222 honesta

573 1251 819 1298 praeciperet,
850 1251 909 1288 vel
942 1251 1105 1288 iat-tandi
1138 1253 1278 1299 ingenii
1309 1264 1400 1290 voce
1425 1253 1606 1302 principis
1638 1254 1740 1290 vul-

573 1320 723 1366 gabat

303 1389 430 1426 Tacito
476 1388 637 1426 Neronis
682 1389 874 1426 orationes
918 1400 935 1424 a
998 1390 1138 1426 Seneca
1190 1389 1421 1436 compositas
1467 1394 1576 1426 notas
1620 1389 1739 1426 fuisse

191 1458 510 1495 verisimillimum
556 1462 626 1502 est,
676 1458 745 1494 etsi
778 1468 823 1494 ex
857 1463 1011 1494 senatus
1068 1458 1352 1495 coiinnentariis
1382 1458 1554 1495 notitiam
1607 1468 1738 1495 carum

192 1539 277 1564 eum
311 1537 395 1563 esse
431 1531 678 1563 consecutum
727 1537 855 1573 neges.
917 1526 1022 1562 Sicut
1055 1527 1153 1564 enim
1206 1532 1335 1564 noster
1364 1526 1524 1564 Neronis
1570 1527 1737 1563 carmina

195 1595 313 1643 ipse‘)
343 1595 380 1631 in
413 1594 591 1632 manibus
626 1594 772 1637 babuit,
810 1595 859 1630 ita
891 1594 1083 1632 orationes
1114 1605 1267 1642 quoque
1299 1596 1494 1643 principiS,
1526 1606 1623 1642 quae
1644 1600 1745 1632 certe

192 1665 370 1711 vulgatae
406 1662 564 1709 erant,²)
602 1662 819 1709 inspexisse
860 1674 1035 1711 magnam
1086 1665 1200 1701 babet
1233 1664 1621 1709 verisimilitudinem,
1674 1664 1748 1701 nisi

193 1747 256 1774 eas
290 1735 428 1782 legisse
459 1735 629 1771 Tacitum
663 1735 699 1771 in
732 1741 887 1772 senatus
917 1736 1012 1772 actis
1045 1736 1251 1782 praeferas,

338 1809 437 1854 xlv,
472 1808 539 1846 10:
573 1810 778 1856 literasque
808 1811 853 1847 ad
886 1816 1057 1847 senatum
1094 1810 1196 1846 misit
1217 1809 1367 1858 (Nero),
1407 1819 1569 1856 quarum
1595 1819 1743 1846 summa

580 1884 661 1915 erat
692 1885 883 1925 repertum
917 1890 1000 1917 cuni
1034 1880 1133 1916 ferro
1168 1889 1433 1926 percussorem
1464 1878 1670 1926 Agerinum
1697 1909 1705 1916 .
1739 1906 1747 1913 .

579 1947 776 1984 Adiciebat
821 1947 979 1983 crimina
1013 1976 1271 1984 .......
1317 1946 1547 1994 Temporum
1585 1956 1737 1993 quoque

576 2014 873 2051 Claudianorum
905 2014 1087 2060 obliqua
1121 2014 1370 2051 insectatione
1402 2044 1580 2052 .....

365 2091 444 2136 XV,
478 2090 547 2131 35:
579 2099 786 2140 secutaque
804 2093 964 2130 Neronis
991 2094 1112 2130 oratio
1144 2105 1196 2130 ex
1228 2103 1372 2135 more,
1405 2092 1580 2139 quamvis
1601 2097 1749 2130 sontem

581 2166 617 2197 et
648 2161 858 2199 defensioni
888 2162 1021 2198 merito
1052 2160 1217 2198 diI'Iisum
1252 2160 1440 2197 victurum
1463 2165 1590 2197 tamen
1612 2161 1742 2205 fuisse,

580 2229 611 2265 si
641 2230 881 2266 clementiam
916 2229 1050 2266 iudicis
1081 2233 1351 2276 exspectasset.

380 2296 476 2344 XVI,
512 2295 552 2333 7:
583 2297 697 2345 igitur
728 2298 842 2334 inissa
876 2297 923 2332 ad
961 2301 1135 2333 senatum
1166 2296 1340 2333 oratione
1376 2296 1628 2333 removendos
1660 2308 1678 2332 a
1711 2307 1752 2332 re

582 2367 734 2415 publiea
795 2371 978 2411 utrosque
1035 2365 1217 2402 disseruit
1275 2363 1555 2410 obiectavitque
1606 2365 1751 2409 Cassio,

581 2437 683 2483 quod
719 2462 893 2472 .....
926 2433 1120 2470 coluisset.

310 2505 481 2552 Longum
513 2511 582 2553 est,
613 2505 749 2552 exequi
780 2505 850 2540 lios
882 2504 1002 2541 locos:
1042 2502 1123 2549 XII,
1160 2502 1221 2540 10.
1257 2500 1322 2540 19.
1356 2502 1422 2541 20.
1455 2503 1521 2542 38.
1554 2500 1620 2540 52.
1654 2503 1751 2551 XIV,

202 2571 265 2611 18.
298 2572 362 2611 59.
398 2573 476 2620 XV,
511 2573 575 2612 72.
610 2572 674 2612 73.
709 2572 805 2617 XVI,
838 2567 903 2608 27.

295 2684 327 2724 I)
353 2685 390 2715 el‘.
415 2687 495 2715 Ann.
524 2684 596 2725 xiv,
640 2684 695 2716 16:
745 2686 827 2726 quod
854 2687 973 2726 speeies
1012 2683 1076 2721 Ipsa
1118 2682 1291 2713 carminum
1329 2682 1429 2723 «locet,
1471 2692 1528 2713 non
1570 2682 1685 2722 impetu
1721 2687 1751 2713 et

202 2742 349 2774 instinctu
376 2753 431 2774 nce
456 2753 509 2774 ore
534 2753 595 2773 une
621 2745 729 2774 llucns.
781 2745 819 2776 cf.
846 2746 930 2776 Suet.
959 2744 1048 2774 Nero.
1076 2741 1127 2773 52.

635 2800 650 2808 .-

293 2800 328 2840 2)
354 2801 392 2832 el'.
418 2803 502 2831 Suet.
528 2801 607 2831 Nero
641 2810 664 2832 ι.
