2062 3201
850 109 1128 148 „23-

210 228 382 269 sentem?
413 232 469 268 An
501 232 694 280 diligentia
727 239 924 270 auctorum
959 230 1041 272 est'?
1073 233 1257 280 Vopiscus
1289 233 1397 269 dicit:
1431 243 1535 275 ,usus
1559 232 1677 280 (suin,
1703 261 1710 268 .
1746 260 1755 270 .

210 299 303 336 actis
334 299 445 335 etiam
482 304 637 337 senatus
667 310 710 336 ac
743 299 936 347 populi·,¹)
968 306 1142 337 auctores
1159 300 1276 336 'sacili
1301 300 1386 336 item
1413 301 1598 336 fecerunt:
1632 300 1756 336 enim-

212 376 302 403 vero
333 366 484 403 Tacitus
517 367 597 413 ipse
627 371 782 403 senatus
812 367 1109 403 commentarios
1141 366 1306 414 neglexit

322 434 525 480 Reliquum
547 439 616 478 est,
635 439 673 471 ut
689 435 790 471 locos
808 433 1108 478 conscribamus,
1131 434 1271 479 quibus
1285 434 1436 471 'l'acitns
1455 434 1566 471 modo
1585 438 1761 470 acciu-ate

214 502 326 537 modo
360 501 488 547 paucis
520 506 704 538 aetanien
730 501 893 548 propriis
913 500 1038 537 verbis
1066 501 1111 536 de
1134 500 1347 537 orationum
1383 501 1418 537 in
1449 504 1583 537 senatu
1613 499 1760 535 habita-

213 579 296 605 rum
329 573 364 605 et
384 569 633 615 epistularum
661 568 799 605 ibidem
825 568 1066 605 recitaturum
1089 568 1249 603 summis
1287 568 1475 611 legentem
1508 567 1594 603 l'acit
1617 566 1754 602 certio-

211 646 305 672 rem.
366 635 456 671 Nam
487 636 518 672 si
548 635 711 682 scriptor
727 635 914 683 genuinas
936 639 1022 670 ante
1054 635 1184 670 oculos
1208 635 1353 679 imbuit,
1387 635 1578 671 interdum
1601 633 1753 679 quidem

212 704 259 739 de
290 703 449 747 ambitu,
495 703 540 738 de
571 703 659 739 stilo
694 708 728 740 et
759 702 862 738 cultu
897 703 1037 738 referre
1068 713 1152 737 eum
1189 702 1394 739 verisimile
1429 702 1489 738 sit.
1551 702 1672 746 Atque
1722 710 1762 735 re

214 781 299 806 vera
334 770 430 806 tales
464 769 533 806 loci
562 770 817 816 reperiuntur.
879 770 1018 806 'l'amen
1051 769 1162 804 etiam
1196 769 1478 805 tules'l'ncitulu
1499 778 1543 804 ex
1564 772 1762 803 auctorum

214 837 322 873 libris
371 836 659 883 transcripsisse
703 837 916 873 eommunis
971 836 1085 873 fontis
1137 837 1303 872 fautores
1354 840 1559 882 opponent.
1638 834 1765 880 Neque

216 905 422 951 quicquam
456 904 687 950 respomlere
719 905 926 950 poterinms
959 904 1029 942 nisi
1062 903 1351 949 compilatorem
1384 903 1506 949 putari
1545 912 1619 938 non
1652 912 1764 948 posse

216 972 397 1008 Tacitum.
459 972 537 1017 Age
568 971 639 1006 iam
673 972 975 1018 contemplemur
1006 982 1047 1006 ac
1077 970 1362 1007 consideremus
1396 970 1497 1006 locos
1530 969 1760 1015 promissos:

214 1040 263 1075 ab
297 1039 511 1075 Annalibus
543 1038 803 1074 exordiamur:

308 1107 405 1143 Ann.
436 1106 462 1149 l,
499 1104 564 1141 ll:
603 1110 637 1141 et
690 1105 753 1141 illc
785 1104 992 1151 (Tiberius)
1025 1104 1127 1141 varie
1164 1104 1388 1147 disserebat,
1426 1103 1472 1139 de
1509 1103 1768 1149 magnitudine

603 1172 765 1219 imperii,
803 1183 869 1208 sua
912 1172 1095 1208 modestia
1131 1201 1138 1208 .
1173 1201 1179 1206 .
1215 1200 1222 1207 .
1256 1201 1263 1215 ,
1297 1170 1386 1206 Plus
1431 1169 1468 1206 in
1499 1169 1674 1206 oratioue
1704 1167 1769 1204 tali

597 1239 792 1287 dignitatis
813 1249 926 1284 quam
955 1238 1039 1275 fidei
1069 1243 1170 1284 erat;
1201 1238 1430 1283 'l‘iberioque
1447 1237 1560 1273 etiam
1579 1237 1616 1273 in
1639 1237 1766 1280 rebus,

603 1316 698 1352 quas
745 1316 819 1342 non
864 1306 1066 1351 occuleret,
1112 1318 1179 1343 seu
1228 1311 1360 1342 natura
1392 1304 1472 1341 sive
1504 1304 1769 1349 adsuetudine,

600 1383 827 1420 suspensa
861 1384 1011 1419 semper
1051 1378 1082 1408 el
1114 1374 1310 1409 obscura
1344 1372 1504 1415 verba,
1553 1376 1640 1407 tunc
1679 1380 1767 1406 vero

600 1439 747 1485 nitenti,
780 1444 819 1475 ut
847 1450 982 1476 sensus
1015 1451 1107 1477 suos
1138 1440 1286 1487 penitus
1316 1440 1485 1484 abderet,
1536 1438 1574 1474 in
1622 1438 1767 1474 incer-

600 1511 690 1541 tum
724 1511 758 1542 et
790 1506 1055 1553 ambiguum
1089 1508 1207 1554 magis
1241 1506 1546 1553 implicabantur.

333 1572 502 1610 Dubitari
545 1573 688 1619 nequit,
733 1574 825 1620 quin
870 1573 1033 1620 scriptor
1063 1574 1204 1611 Tiberii
1236 1574 1427 1610 orationes
1458 1574 1643 1620 genuinas
1678 1574 1758 1619 ipse

219 1641 379 1678 noverit.
441 1640 516 1677 lam
549 1640 648 1677 enim
681 1652 726 1677 ex
759 1642 840 1677 loco
873 1641 1065 1688 adscripto
1095 1642 1187 1679 satis
1218 1642 1384 1678 dilucide
1414 1645 1582 1688 apparet.
1646 1640 1761 1676 Prae-

220 1714 321 1746 terea
362 1719 451 1745 vero
508 1708 545 1745 id
578 1708 658 1754 ipse
710 1708 860 1745 duobus
912 1708 1004 1745 loeis
1036 1708 1247 1755 testatur.²)
1307 1710 1460 1746 Accedit
1510 1709 1611 1755 quod
1642 1713 1771 1744 noster

221 1774 373 1821 saepius
411 1775 456 1811 de
508 1775 596 1812 stilo
629 1775 845 1812 orationum
883 1786 902 1811 a
935 1775 1085 1812 Tiberio
1119 1776 1156 1812 in
1201 1782 1337 1812 senatu
1384 1776 1601 1812 habitarum
1650 1775 1766 1811 verba

219 1844 319 1880 l'acit.
378 1843 480 1886 Quas
511 1844 556 1879 ad
589 1843 781 1880 orationes
813 1843 954 1880 Tiberii
987 1844 1089 1880 locos
1137 1843 1381 1890 pertinentes,
1435 1854 1482 1880 ne
1522 1842 1770 1890 dissipentur,

222 1911 475 1947 conseramus.
534 1910 773 1956 Quamquam
804 1921 894 1947 num
927 1921 990 1947 eas
1023 1911 1060 1946 in
1091 1915 1246 1948 senatus
1268 1911 1362 1947 actis
1395 1910 1541 1957 legerit,
1574 1921 1642 1958 pro
1666 1915 1767 1947 certo

223 1978 405 2014 affirmari
436 1988 513 2014 non
544 1981 679 2024 potest.
739 1977 846 2022 Nam,
879 1983 918 2014 ut
950 1978 1023 2015 iam
1056 1989 1171 2025 supra
1203 1978 1384 2024 diximus,
1401 1977 1548 2015 Tiberii
1579 1977 1771 2014 orationes

224 2045 347 2083 editae
378 2050 485 2082 erant
509 2054 632 2091 neque
661 2045 785 2082 solun]
818 2044 856 2081 111
886 2045 994 2083 actis.

469 2112 496 2157 1,
528 2108 571 2146 7:
604 2112 733 2149 literas
764 2112 808 2148 ad
841 2113 1031 2150 exercitus
1053 2118 1247 2159 tamquam
1265 2112 1402 2159 adepto
1423 2112 1639 2159 principatu
1658 2112 1773 2158 misit,

606 2189 795 2225 nusquam
844 2180 1215 2223 cunctabundus,
1265 2179 1336 2216 nisi
1378 2190 1463 2216 cum
1511 2179 1554 2215 in
1599 2183 1775 2215 senatu

607 2246 840 2292 loqueretur.

338 2323 448 2371 Apud
480 2329 606 2372 patres
648 2323 823 2372 princeps
853 2335 1005 2373 semper
1034 2324 1338 2368 cunctabundus,
1388 2334 1539 2370 semper
1571 2323 1770 2371 suspensis

226 2395 261 2427 et
308 2390 483 2429 obscuris
528 2392 654 2430 verbis
700 2391 926 2430 disserebat.
991 2392 1099 2436 Quod
1150 2390 1330 2428 iudiciuin
1380 2390 1532 2428 nonnisi
1576 2390 1640 2437 qui
1688 2390 1773 2438 ipse

324 2569 356 2608 1)
383 2570 501 2610 Vopisc.
527 2569 617 2600 Proh.
643 2566 675 2599 2.

323 2624 360 2663 2)
386 2625 456 2657 Tae.
482 2627 565 2662 Ann,
591 2625 612 2666 1,
636 2622 690 2656 81.
717 2625 753 2665 ll,
778 2623 831 2655 63.
