2062 3201
944 186 1225 228 „44-

309 328 375 355 sua
427 322 562 364 sponte
606 316 778 354 tabulam
825 320 1053 353 statuerunt.
1127 313 1203 350 Iam
1254 314 1302 350 ad
1359 313 1683 360 comparationem
1736 310 1858 358 ipsam

308 382 546 419 accedamus.
607 382 650 418 Et
682 381 845 429 primum
878 381 1030 427 quidem
1069 380 1171 425 quod
1202 381 1249 417 ad
1280 378 1431 416 initium
1460 379 1608 426 attinet,
1656 387 1734 416 non
1779 377 1857 414 dis-

311 449 427 495 plicet
460 446 739 485 Rodenwaldtii
769 447 975 495 suspicio¹)
1007 445 1198 483 censentis
1221 445 1422 483 Claudium
1454 445 1493 482 in
1523 445 1687 494 genuina
1709 453 1861 491 quoque

309 515 480 552 oratione
509 526 530 551 a
563 515 750 553 maiorum
781 516 958 562 exemplo
990 524 1076 553 esse
1113 523 1294 551 exorsum
1333 536 1376 540 —-
1410 515 1448 551 id
1493 525 1569 552 vox
1614 513 1858 560 ‚equidem‘

310 581 574 618 demonstrare
615 580 766 618 videtur
806 590 931 627 neque
960 589 1051 616 vero
1101 579 1259 617 exordio
1302 580 1426 618 deleto
1473 580 1631 618 nimiam
1676 578 1862 615 rationem

310 647 595 694 deperditarum
627 650 791 696 partium
837 649 971 687 haberi
1002 647 1179 694 velimus,
1228 650 1330 695 quod
1361 648 1675 688 Rodenwaldtius
1722 658 1859 695 parum

314 718 441 756 evitat.
502 719 746 758 Prooemium
778 726 904 758 autem
936 719 1054 757 Taciti
1085 724 1142 757 est
1171 719 1258 757 hoc:

426 785 640 831 ‚Maiores
673 788 780 832 mci,
819 798 1013 836 quorum
1045 788 1417 834 antiquissimus
1448 786 1651 825 Clausus
1681 784 1865 833 origine

312 854 480 891 sabina
546 856 686 893 simul
752 856 795 893 in
855 857 1099 894 civitatem
1158 857 1404 896 Romanam
1456 863 1498 895 et
1554 858 1598 896 in
1659 854 1863 893 familias

312 923 621 970 patriciorum
654 924 871 963 adscitus
903 931 991 969 est,
1021 926 1295 973 hortantur,
1326 928 1393 965 uti
1425 927 1617 975 paribus
1647 924 1864 963 consiliis

313 1000 404 1028 rem
443 992 674 1039 publicam
720 1004 948 1040 capessam
998 994 1332 1033 transferendo
1381 997 1487 1042 huc,
1518 995 1638 1043 quod
1668 1002 1864 1040 usquam

315 1067 546 1114 egregium
582 1066 747 1103 fuerit‘.

423 1135 548 1172 Unum
599 1133 714 1180 igitur
755 1133 923 1171 continet
967 1136 1221 1174 enuntiatum.
1288 1136 1470 1176 Claudius
1514 1147 1604 1176 vero
1650 1136 1731 1184 ipse
1776 1134 1860 1172 sine

310 1203 427 1240 dubio
481 1201 604 1239 fusius
648 1201 843 1238 disseruit.
904 1202 1114 1241 Maioribus
1159 1204 1261 1242 enim
1307 1204 1606 1253 superbiebat.²)
1637 1225 1690 1230 —
1728 1203 1862 1241 Omnia

312 1270 428 1308 verba
461 1269 613 1313 dcinde,
663 1278 762 1315 quae
792 1270 955 1307 fortasse
986 1282 1109 1318 neque
1139 1277 1226 1319 apta
1257 1282 1381 1319 neque
1426 1273 1540 1320 plane
1587 1282 1672 1309 cum
1704 1281 1745 1308 re
1775 1280 1866 1307 con-

311 1343 491 1376 sentanca
522 1347 541 1373 a
574 1335 736 1374 Caesare
780 1336 878 1374 facta
925 1338 963 1375 in
995 1340 1122 1386 priore
1155 1339 1311 1377 tabulae
1341 1345 1448 1387 parte
1497 1344 1640 1385 extant,
1690 1348 1863 1386 quaeque

313 1417 356 1444 co
388 1409 575 1453 spectant,
626 1415 673 1441 ne
724 1408 921 1443 senatores
965 1407 1116 1454 ,quasi
1162 1418 1328 1445 novam
1372 1417 1465 1445 rem
1512 1406 1748 1444 introduci
1794 1416 1865 1444 ex-

312 1472 599 1511 horrescant‘
632 1471 786 1509 Tacitus
817 1473 958 1518 omisit,
1004 1474 1079 1512 nisi
1109 1476 1211 1523 quod
1243 1475 1281 1512 in
1311 1474 1386 1512 fine
1416 1474 1601 1512 orationis
1632 1474 1865 1512 brevissime

313 1541 513 1580 Claudium
546 1540 634 1577 facit
664 1540 883 1587 loquentem
915 1541 1027 1580 haee:

429 1608 624 1655 ,Omnia,
673 1613 824 1655 patres
876 1610 1146 1658 conscripti,
1202 1620 1318 1657 quae
1376 1619 1496 1647 nunc
1545 1608 1868 1646 vetustissima

315 1676 588 1717 creduntur,
612 1686 726 1713 nova
759 1676 900 1714 sucre.
953 1678 1111 1715 Plebei
1133 1677 1437 1725 magistratus
1458 1680 1563 1724 post
1586 1675 1871 1724 patricios‚⁸)

317 1743 468 1783 Latini
519 1749 629 1790 post
678 1744 911 1791 plebeios,
963 1751 1223 1783 ceterarum
1280 1744 1447 1782 Italiae
1491 1745 1706 1792 gentium
1767 1750 1872 1792 post

317 1813 521 1848 Latinos.
611 1811 933 1850 Inveterascet
997 1814 1080 1850 hoc
1144 1821 1343 1859 quoque;
1434 1817 1476 1850 et
1547 1811 1670 1859 quod
1736 1811 1873 1849 hodie

318 1877 544 1926 exemplis
576 1882 776 1926 tuemur,
813 1881 937 1917 inter
974 1880 1180 1926 exempla
1214 1879 1329 1917 erit‘.

429 1946 558 1993 Neque
591 1947 683 1983 haec
713 1947 866 1994 quidem
901 1947 1016 1984 verba
1071 1957 1231 1994 prorsus
1280 1946 1328 1982 ad
1357 1945 1516 1982 eandem
1556 1956 1634 1983 rem
1667 1945 1869 1992 pertinent.

318 2015 411 2052 Nam
465 2025 549 2051 cum
584 2013 766 2052 Claudius
812 2014 940 2061 priore
988 2018 1094 2061 parte
1124 2014 1170 2050 de
1216 2013 1330 2050 rebus
1382 2012 1420 2049 in
1452 2013 1675 2051 universum
1720 2014 1870 2051 novatis

319 2083 511 2128 loquatur,
562 2082 655 2118 haec
699 2082 772 2118 iam
824 2081 989 2119 civitatis
1036 2081 1208 2128 prolatae
1264 2080 1450 2117 rationem
1499 2081 1653 2120 liabent.
1737 2081 1868 2129 ltaque

320 2150 590 2196 relinquuntur
621 2154 802 2195 quattuor
830 2153 978 2185 tautum
1010 2149 1144 2186 verba:
1192 2149 1414 2193 ,advenae
1464 2150 1508 2187 in
1539 2160 1622 2187 nos
1653 2159 1870 2197 regnave-

320 2222 452 2263 runt‘,
495 2217 634 2263 quibus
667 2216 836 2264 scriptor
867 2216 903 2253 id
937 2217 1128 2263 exprimit,
1179 2217 1281 2263 quod
1313 2217 1491 2265 princeps
1524 2218 1643 2254 multo
1698 2217 1874 2266 pluribus

319 2296 431 2332 quam
462 2289 612 2321 centum
645 2295 713 2321 sua
746 2284 872 2321 studia
905 2284 1049 2321 iactans
1083 2284 1280 2331 protei-tf)
1341 2284 1415 2322 Res
1446 2295 1534 2322 cum
1566 2285 1616 2322 ita
1647 2295 1690 2323 se
1721 2285 1871 2330 habeat,

320 2353 471 2389 Tacitus
513 2351 661 2388 Claudii
716 2351 809 2387 satis
862 2351 1030 2399 inoptam
1076 2352 1310 2389 verbositam
1355 2352 1541 2400 corripuit
1590 2362 1715 2400 neque
1765 2352 1869 2389 aliud

416 2475 447 2510 l)
473 2473 691 2505 Rodenwaldt:
718 2474 737 2505 Ι.
763 2486 788 2505 c.
821 2483 848 2512 p.
879 2475 927 2505 ll.

412 2528 448 2568 2)
473 2529 512 2561 cs.
534 2532 607 2560 §uct-
633 2529 744 2562 Claud.
770 2530 823 2561 24.

413 2584 450 2626 3)
477 2587 517 2617 cl'.
556 2585 664 2617 claud.
691 2594 740 2617 or:
788 2586 877 2626 ‚Quid
915 2588 1162 2618 communicatos
1205 2591 1361 2627 posti-uino
1401 2597 1471 2618 cum
1509 2586 1598 2628 plebe
1639 2587 1770 2619 honores
1814 2598 1873 2619 non

325 2644 443 2683 impe-rii
472 2642 572 2673 solum
597 2643 650 2672 scd
676 2642 923 2673 sacerdotiorum
949 2640 1112 2684 quoque?‘

413 2698 448 2737 4)
472 2699 646 2740 ,Quondam
674 2708 760 2737 regi—s
785 2716 828 2719 —
854 2700 950 2739 priori
974 2699 1088 2739 populo
1116 2699 1293 2730 factitatum
1319 2695 1388 2730 est‘.
