2062 3201
829 224 1102 263 „47-

186 343 349 389 scriptor
380 344 507 382 verbis
538 346 724 392 quinque:
776 349 1007 393 ‚continua
1043 350 1145 385 indo
1176 360 1223 386 31·
1257 349 1350 385 fida
1386 360 1434 395 pa
1450 345 1525 394 κα)
1557 360 1597 385 ea
1644 359 1741 395 quac

186 407 362 454 princeps
395 406 482 445 inde
512 409 579 446 ab:
610 409 668 454 ‚in
701 420 787 457 qua
819 412 855 449 si
886 413 990 459 quis
1031 413 1112 450 hoe
1146 414 1370 450 1111116131Ις
1405 423 1524 459 usque
1554 413 1623 449 ad:
1671 413 1737 454 ,ad

185 471 356 509 bellum
400 478 622 510 avocatus
671 478 807 513 essct‘
860 479 1014 524 profert.
1094 479 1244 524 omisit,
1293 490 1406 525 quam
1459 478 1587 525 quiete
1639 478 1737 513 <julli

187 546 369 581 ,census
402 536 697 575 inadsuetum
727 543 858 586 opus‘
888 542 1078 580 tulissent.

297 611 590 659 Comparatione
621 620 771 662 peracta
804 626 903 653 nunc
930 618 976 653 ad
1005 628 1045 654 ea
1092 628 1188 664 quae
1226 617 1346 654 evinci
1380 621 1539 662 possunt
1593 616 1741 652 animos

188 677 442 715 attendamus.
502 678 546 715 Et
578 680 741 726 primum
795 681 961 728 quidem,
1008 688 1046 719 ut
1079 684 1150 721 iam
1201 694 1314 731 supra
1365 682 1625 730 exposuimus,
1679 681 1740 715 vix

189 741 347 777 dubium
379 752 462 779 esse
493 747 630 789 potest,
665 745 757 791 quin
788 745 939 781 Tacitus
982 748 1193 785 orationem
1232 748 1435 796 genuinam
1484 747 1521 783 in
1567 745 1742 782 manibus

190 805 379 843 babuerit.
439 805 532 844 Nam
564 807 596 844 si
634 809 718 854 quis
749 810 969 855 sententias,
1001 822 1097 857 quae
1127 818 1215 849 sunt
1246 822 1482 855 communes,
1513 810 1737 855 scriptorem

190 882 235 908 ex
267 875 466 908 auctorum
496 873 678 919 operibus
708 873 921 920 dempsisse
951 885 1026 911 non
1060 876 1184 914 minus
1217 876 1423 913 verisimile
1468 884 1552 911 esse
1584 872 1736 917 obiciat,

190 947 280 973 num
313 946 402 973 casu
433 936 572 973 sactum
605 939 788 976 credibile
824 943 892 984 est,
940 944 980 975 ut
1008 942 1137 978 eadem
1191 942 1371 988 cogitatio
1424 940 1556 977 iisdem
1590 938 1736 974 verbis:

191 1002 426 1049 ‚paenitet‘
474 1006 511 1038 et
548 1003 774 1051 ‚insignis‘
824 1004 1127 1051 exprimeretur?
1173 1007 1371 1050 Quomodo
1428 1009 1554 1041 autem
1586 1003 1737 1039 Tacitus·

189 1067 392 1115 genuinam
415 1065 601 1104 mutavit?
624 1068 772 1106 Primas
790 1068 937 1105 Claudii
970 1071 1176 1108 sententias
1201 1071 1379 1115 servavit7
1412 1071 1586 1107 sormam.
1622 1072 1661 1103 ut
1692 1068 1741 1103 ita

190 1133 326 1176 dicam,
357 1131 542 1170 orationis
572 1143 731 1181 prorsus
763 1134 929 1172 invertit.
990 1136 1136 1173 Primas
1189 1138 1342 1174 retinuit
1371 1133 1597 1174 sententias!
1646 1133 1739 1169 Nam

190 1198 413 1244 scriptorem
464 1207 540 1234 non
589 1199 787 1237 dubitasse
831 1199 931 1239 113116
976 1202 1032 1237 vel
1093 1202 1194 1238 illam
1252 1202 1521 1248 cogitationem
1584 1202 1742 1241 mutare,

192 1265 307 1300 immo
337 1273 427 1299 vero
459 1273 562 1308 suas,
593 1264 625 1301 si
658 1275 755 1311 quae
785 1264 818 1301 ei
849 1271 959 1312 aptae
990 1277 1073 1303 esse
1103 1267 1335 1310 viderentur,
1381 1266 1521 1302 addere
1566 1263 1738 1308 exempla

198 1327 403 1364 Balbomni
451 1332 486 1364 et
531 1327 917 1367 Lacedaemoniorum
975 1336 1088 1377 atque
1133 1331 1421 1369 Atheniensium
1476 1328 1744 1376 praetermisso

196 1395 417 1432 Sennonum
448 1400 484 1432 et
514 1395 725 1439 Gallorum,
755 1397 965 1435 Tuscorum
997 1408 1039 1434 ac
1072 1398 1298 1435 Samnitium
1322 1402 1519 1435 testantur.
1582 1393 1744 1431 Admisit

190 1466 303 1503 etiam
335 1465 447 1501 illud:
514 1465 614 1511 ‚iam
662 1464 873 1502 moribus
921 1468 1015 1510 eqs⁴.
1046 1486 1093 1490 —
1133 1465 1207 1501 lam
1260 1475 1348 1501 vero
1394 1461 1577 1499 orationis
1625 1460 1745 1495 forma

192 1542 350 1578 prorsus
381 1530 499 1567 Taciti
531 1535 601 1567 est.
662 1530 791 1577 Neque
822 1530 923 1567 enim
955 1530 1078 1567 solum
1113 1530 1226 1567 dictio
1257 1535 1291 1566 et
1323 1540 1439 1565 sonus
1471 1527 1644 1563 Taciteus
1676 1529 1747 1568 est,

191 1606 288 1643 quae
318 1605 379 1632 res
424 1605 516 1632 sane
562 1594 660 1631 nihil
693 1594 779 1631 miri
830 1595 958 1640 habet,
1008 1594 1187 1641 quoniam
1236 1605 1368 1631 omues
1414 1591 1560 1637 antiqui
1617 1600 1742 1626 rerum

191 1662 397 1709 scriptores
429 1665 470 1697 ut
499 1671 576 1698 non
621 1670 772 1707 semper
803 1660 995 1697 orationes
1025 1659 1218 1696 finxerunt
1267 1659 1315 1695 ita
1362 1662 1462 1694 eei-te
1512 1655 1655 1696 stilum,
1701 1664 1747 1689 ne

191 1732 397 1765 concentus
427 1727 674 1772 dilaberetur,
706 1731 916 1764 metuentes
947 1727 983 1763 in
1002 1738 1111 1764 suum
1138 1726 1285 1763 dicendi
1319 1726 1472 1762 modum
1492 1724 1741 1767 inverterunt,

193 1793 259 1830 sed
319 1791 431 1828 etiam
483 1791 710 1839 compositio
761 1791 962 1828 rhetorica.
1039 1791 1182 1836 Brevis,
1229 1802 1277 1828 ne
1328 1790 1450 1826 dicam
1504 1787 1742 1832 brevissima,

193 1867 236 1893 ae
266 1861 392 1893 tamen
435 1861 543 1894 acuta
585 1867 697 1894 suum
742 1867 915 1904 quaeque
963 1857 1140 1903 cogitatio
1191 1858 1336 1894 obtinet
1367 1858 1505 1893 locum.
1583 1855 1745 1891 Prorsus

198 1924 349 1961 sublata
380 1927 438 1960 est
456 1923 604 1961 Claudii
637 1923 850 1960 verbositas
884 1923 1073 1960 interdum
1108 1924 1280 1968 molesta„
1310 1923 1408 1970 quod
1442 1922 1515 1958 iam
1539 1931 1584 1957 ex
1605 1920 1750 1956 ambitu

195 1991 394 2026 ambarum
425 1989 642 2026 orationum
673 1988 935 2037 cognoscitur:
968 1988 1129 2033 genuina
1160 1988 1258 2025 enim
1293 1988 1492 2024 minimum
1529 1984 1747 2031 complecti-

196 2060 257 2091 tur
288 2053 493 2100 nonaginta
525 2063 674 2100 versus,
707 2053 825 2091 Taciti
856 2063 947 2090 vero
977 2052 1215 2089 abbreviatio
1265 2052 1528 2089 tantummodo
1578 2050 1749 2096 triginta:

196 2118 395 2157 brevitatis
434 2118 630 2156 Tacitinae
678 2119 911 2166 exemplum,
957 2128 1032 2164 quo
1064 2118 1203 2154 clarius
1251 2118 1314 2154 vix
1361 2117 1560 2164 reperitur.
1622 2114 1750 2160 Neque

202 2185 381 2231 deinceps
412 2183 676 2231 dispositionis
723 2183 817 2221 ordo
850 2183 948 2219 idem
981 2187 1051 2219 est.
1111 2181 1203 2219 Nam
1235 2193 1322 2219 eum
1354 2181 1535 2218 Claudius
1583 2180 1747 2226 primum

199 2251 246 2288 de
275 2250 392 2287 rebus
423 2249 579 2287 omnino
610 2249 649 2286 in
678 2260 719 2286 re
750 2249 901 2296 publica
933 2248 1096 2293 novatis,
1136 2248 1272 2285 deinde
1303 2248 1349 2283 de
1383 2246 1535 2283 civitate
1566 2244 1749 2291 paulatim

198 2319 371 2364 promota
417 2319 453 2352 et
500 2314 547 2351 de
595 2319 751 2352 senatus
795 2313 998 2361 supplendi
1043 2313 1202 2357 ratione,
1252 2317 1331 2349 tum
1376 2312 1422 2347 de
1452 2309 1571 2347 Gallis
1618 2309 1750 2346 amicis

202 2379 380 2428 putandis
412 2378 594 2426 disputet,
625 2379 726 2426 apud
757 2378 927 2415 Tacitum
960 2378 1052 2414 baec
1082 2377 1246 2414 occurrit
1277 2375 1497 2422 dispositio:

311 2458 568 2508 prooemium:
598 2456 785 2494 maiorum
817 2455 1033 2502 exemplum

532 2520 753 2569 (maiores
786 2520 869 2557 mei
903 2541 954 2545 —
986 2517 1220 2565 egregium
1256 2516 1428 2563 suerit).

296 2741 330 2781 1)
354 2742 391 2774 cs.
419 2741 542 2775 Claud.:
568 2747 704 2783 ,centum
731 2750 884 2773 annorum
911 2740 1099 2771 immobilem
1127 2740 1238 2770 lidrm‘.
