2062 3201
936 116 1211 156 --24-

281 240 473 277 orationes
506 246 787 286 percensuerat,
819 239 943 277 facere
976 242 1110 286 potuit.
1172 243 1287 279 Taciti
1323 254 1411 280 vero
1445 243 1625 280 iudicium
1649 253 1824 280 essenon

274 316 329 347 est
375 308 476 356 quod
523 319 726 354 neg-remu&
784 309 855 345 nisi
900 311 997 347 sorte
1032 312 1201 348 Tacitiua
1247 323 1361 360 opera
1412 313 1673 349 tantummodo
1733 322 1834 349 com-

281 377 483 425 pilationes
513 388 597 414 esse
627 378 861 414 arbitramur
933 380 1090 423 Qualem
1122 383 1350 419 sententiam
1383 392 1467 419 esse
1515 381 1648 417 falsam
1689 381 1836 417 ratione

280 446 576 490 demonstratur,
606 456 679 492 qua
713 445 748 482 in
780 448 1047 484 commutanda
1079 450 1253 487 oratione
1276 450 1423 487 Claudii
1456 454 1586 486 noster
1635 459 1728 485 usus
1760 453 1836 491 est;

280 514 328 549 de
362 522 435 559 qua
468 512 563 549 infra
597 514 894 560 disputabimus.

566 593 635 631 52:
669 597 814 633 rettulit
844 603 972 635 tamen
1003 598 1050 634 ad
1082 605 1254 636 senatum
1290 599 1499 647 (Tiberius)
1520 600 1566 636 de
1587 600 1702 636 rebus
1723 598 1839 643 gestis

665 666 904 714 multaque
925 668 972 704 de
988 668 1128 705 virtute
1144 669 1226 706 eius
1242 670 1466 706 memoravit
1485 669 1604 716 magis
1622 668 1659 705 in
1674 667 1837 714 speeiem

665 746 684 771 v
696 736 821 774 erbis
848 747 866 773 a
880 738 900 773 d
913 748 962 775 or
973 748 995 775 n
1006 749 1023 774 a
1035 743 1048 774 t
1060 749 1078 774 a
1096 750 1209 786 quan]
1228 744 1268 775 ut
1286 739 1438 785 penitus
1455 739 1596 775 sentire
1609 738 1840 774 crederetur·

666 803 722 838 Pa
734 805 864 841 ucior
877 806 884 841 i
896 806 979 843 bus
997 806 1160 844 Drusum
1179 812 1215 843 et
1232 806 1344 843 finem
1360 807 1501 855 lllyrici
1518 805 1840 849 motus·laudavit⁷

662 871 726 908 ¹s’ed
761 872 994 911 intentior
1026 878 1062 909 ct
1092 874 1188 911 fida
1222 874 1454 911 oratione.

390 949 507 986 Cuius
539 951 679 990 Tiberii
731 955 916 992 orationis
955 959 991 991 et
1021 954 1068 990 de
1104 957 1249 993 ambitu
1283 962 1319 994 et
1367 958 1413 994 de
1446 958 1650 994 verborum
1698 960 1835 992 ornatu

279 1016 430 1055 Tacitus
462 1030 532 1057 nos
564 1022 652 1059 facit
684 1023 867 1061 scientes:
901 1024 1076 1061 Tiberius
1107 1026 1208 1062 enim
1234 1027 1348 1063 multa
1383 1027 1429 1063 de
1447 1027 1661 1064 Germanici
1695 1026 1839 1062 virtute

279 1087 316 1123 in
357 1090 522 1137 speeiem
556 1094 682 1131 verbis
726 1095 923 1140 adornata,
975 1095 1151 1141 pauciora
1185 1097 1231 1134 de
1263 1097 1398 1141 Druso,
1448 1098 1514 1135 sed
1565 1098 1637 1134 fida
1670 1096 1841 1133 oratione

280 1162 527 1201 memoravit:
576 1165 778 1211 genuinam
828 1171 916 1201 ante
946 1165 1078 1201 oculos
1130 1167 1263 1203 habuit
1312 1172 1376 1203 aut
1422 1167 1615 1205 serviiiter
1661 1171 1834 1202 aut-tores

280 1230 495 1278 exscripsit,

490 1323 533 1363 li,
567 1322 636 1361 :362
669 1323 844 1360 Tiberius
895 1328 1021 1359 tamen
1073 1323 1181 1369 quasi
1230 1328 1434 1371 augeretur
1494 1328 1682 1370 postestas
1740 1324 1839 1366 eius.r

671 1392 865 1429 disseruit.
925 1391 1049 1428 Grave
1094 1392 1346 1430 moderationi
1377 1403 1468 1429 suae
1498 1397 1551 1429 tot
1583 1393 1735 1439 eligere,
1786 1395 1838 1428 tot

669 1462 832 1498 differre.

567 1544 636 1582 423:
670 1546 785 1593 igitur
815 1545 908 1581 haec
940 1549 975 1581 et
1006 1544 1053 1580 de
1083 1543 1279 1587 Armenia,
1328 1554 1425 1591 quac
1462 1556 1576 1592 supra
1613 1546 1838 1585 memoravi.

665 1613 765 1659 apud
800 1618 927 1661 patres
958 1611 1143 1649 disseruit

568 1686 638 1725 48:
672 1686 909 1723 nobilitatem
934 1685 1135 1731 utriusque
1155 1687 1311 1733 pecunia
1332 1686 1536 1722 iuvandam
1571 1697 1647 1732 pra
1665 1688 1755 1723 et'at
1771 1699 1836 1726 us.

571 1786 643 1824 59:
677 1786 855 1823 Tiberius
898 1786 1002 1822 cultu
1050 1786 1260 1832 habituque
1310 1785 1391 1822 eius
1442 1785 1630 1822 lenibus
1680 1787 1838 1823 verbis

665 1854 865 1902 perstricto
896 1854 1124 1890 acerrime
1156 1853 1354 1899 increpuit,
1385 1853 1485 1899 quod
1513 1858 1644 1890 contra
1667 1855 1836 1891 instituta

665 1925 825 1972 Augusti
857 1934 932 1961 non
965 1929 1101 1971 sponte
1132 1924 1316 1970 principis
1338 1923 1610 1960 Alexandriam
1630 1923 1837 1960 introisset.

567 2000 638 2041 ‹3:3:
671 2008 837 2040 ceterum
889 2003 990 2049 apud
1042 2008 1216 2039 senatum
1265 2003 1446 2039 disseruit
1500 2013 1575 2039 non
1621 2001 1838 2048 Philippum

664 2071 976 2111 Atheniensibus,
1009 2081 1084 2107 non
1118 2071 1306 2119 Pyrrhum
1339 2075 1404 2107 aut
1433 2070 1662 2107 Antiochum
1697 2070 1837 2117 populo

667 2140 838 2177 Romano
869 2139 1025 2186 perinde
1057 2140 1280 2176 metuendos
1309 2139 1440 2176 fuisse.
1503 2138 1634 2174 Extat
1666 2139 1836 2181 oratio,

666 2218 739 2254 qua
785 2207 1085 2254 magnitudinem
1119 2207 1203 2251 viri,
1249 2207 1467 2244 violentiam
1500 2206 1762 2243 subiectarum
1802 2206 1835 2243 ei

663 2277 846 2323 gentiunt,
879 2281 914 2312 et
945 2286 1059 2322 quain
1095 2277 1333 2323 propinquus
1363 2276 1493 2312 Italiae
1527 2276 1652 2322 host—is
1691 2286 1835 2322 suaque

664 2346 700 2383 in
733 2346 966 2384 destruendo
998 2356 1041 2383 eo
1072 2347 1232 2383 consilia
1264 2346 1413 2383 extulit.

388 2422 499 2461 Extat
528 2424 669 2462 oratio!
700 2424 832 2462 Nonne
866 2435 999 2463 omnes
1017 2424 1117 2471 apud
1142 2429 1268 2472 patres
1302 2424 1453 2461 habitae
1488 2424 1522 2460 in
1546 2428 1702 2461 senatus
1727 2435 1832 2462 com-

278 2493 476 2530 mentariis
532 2498 641 2530 erant
694 2490 955 2540 perscriptae?
1015 2493 1142 2530 Primo
1189 2494 1323 2530 obtutu
1385 2493 1554 2529 Tacitum
1616 2492 1832 2529 orationum

278 2560 572 2599 Tiberianarum
606 2572 681 2599 non
714 2572 759 2598 ex
790 2567 946 2599 senatus
977 2562 1084 2605 actis,
1116 2561 1180 2598 sed
1212 2562 1477 2598 tantummodo
1510 2559 1677 2597 editione
1707 2560 1833 2605 aliqua

284 2632 459 2669 notitiam
505 2642 589 2668 esse
635 2636 881 2669 consecutum
925 2632 1072 2669 credas.
1146 2631 1327 2678 vulgatas
1371 2631 1472 2667 enim
1524 2631 1642 2668 fnisse
1693 2627 1832 2666 Tiberii
