2062 3201
899 221 1178 261 -50—

263 354 344 389 iure
375 349 604 387 contendere
648 358 868 394 possumus.
928 348 983 383 En
1015 346 1152 384 habes:
1200 345 1322 383 Asinii
1355 345 1453 382 Galli
1490 346 1605 383 luxus
1635 346 1807 382 defensio

265 418 324 463 (Α.
358 416 404 460 ΙΙ,
435 411 519 461 33),
537 411 684 448 Hortali
716 411 935 458 deprecatio
957 410 1020 457 (II,
1053 407 1138 457 37),
1171 409 1312 446 Tiberii
1335 410 1455 456 prima
1477 410 1540 456 (ll,
1572 406 1656 457 38),
1687 409 1805 446 altera

262 482 342 527 (ΙΙΙ,
381 478 458 527 12),
491 477 640 515 Pisonis
671 477 838 514 codicilli
869 477 948 524 (Ill,
983 474 1062 523 16),
1095 475 1279 512 Caecinae
1308 479 1344 511 et
1362 475 1501 511 Valerii
1525 475 1607 522 (lll,
1640 472 1709 511 33.
1731 472 1814 519 34),

263 545 394 592 Lepidi
425 544 506 591 (Ill,
538 542 620 588 50),
668 541 809 578 Tiberii
858 541 991 577 literae
1036 540 1118 588 (111,
1149 537 1215 576 53.
1248 536 1334 586 54),
1365 539 1488 577 Servii
1539 528 1814 585 Maluginensis

264 609 344 655 (ΙΙΙ,
376 604 461 655 58),
493 605 635 643 Tiberii
666 605 775 642 tertia
809 610 845 642 et
877 609 1011 652 quarta
1042 604 1124 650 (ΙΙΙ,
1164 602 1228 642 69.
1282 603 1343 649 IV,
1376 602 1431 650 8),
1464 602 1647 641 Cremutii
1694 601 1807 637 Cordi

263 677 341 721 (tv,
373 675 439 713 34.
472 672 556 720 35),
587 674 728 712 Tiberii
760 674 890 721 quinta
923 673 999 721 (IV,
1031 671 1097 710 257.
1132 670 1216 720 38),
1249 671 1414 709 Terentii
1453 672 1531 722 (Vl,
1563 670 1617 718 8),
1667 669 1749 706 Silii
1780 674 1816 705 et

265 739 375 775 Suilli
408 739 489 786 (XI,
521 736 558 776 6.
592 736 647 785 7),
679 738 827 775 Claudii
843 737 926 784 (Xl,
953 735 1037 783 24),
1070 737 1197 774 Vitelli
1230 736 1334 787 (XII,
1365 734 1404 775 5.
1437 736 1492 784 6),
1523 735 1684 773 Neronis
1703 733 1819 783 tXlll,

263 800 319 849 4),
352 803 472 841 Cassii
505 802 621 851 (XIV,
656 800 740 850 43),
791 803 981 840 Thraseae
1012 800 1109 848 (XV,
1150 801 1216 840 20.
1249 800 1335 850 21),
1397 803 1565 839 Marcelli
1612 807 1648 838 et
1679 799 1819 838 Ostorii

265 868 397 905 Sabini
429 868 544 916 (XVI,
588 865 671 916 28),
716 867 904 905 Serviliae
942 865 1057 914 (XVl,
1102 863 1172 914 31)
1203 868 1396 905 orationes
1450 868 1508 905 vel
1561 867 1726 904 directae
1757 868 1814 902 vel

264 934 456 980 obliquae.

378 1000 587 1044 Accedunt,
625 1011 722 1047 quae
756 992 1010 1035 Historiarum
1064 1001 1162 1043 parti
1205 1005 1454 1037 conservatae
1503 1004 1593 1038 sunt
1638 999 1816 1039 intextae,

276 1066 482 1102 admodum
514 1075 674 1112 paucae:
708 1064 827 1102 Prisci
858 1069 894 1100 et
922 1064 1024 1111 Eprii
1043 1062 1210 1101 Marcelli
1235 1065 1311 1112 (lV,
1344 1066 1380 1103 7.
1413 1064 1470 1113 8),
1501 1065 1619 1104 Curtii
1653 1065 1820 1101 Montani

268 1129 347 1177 (lv,
380 1129 462 1170 42).
529 1130 676 1173 Quibus
735 1130 866 1177 plures
916 1139 991 1165 non
1039 1133 1180 1167 extant.
1242 1133 1417 1169 Attamen
1464 1133 1566 1168 baud
1610 1132 1819 1167 absurdum

264 1197 439 1233 videatur
494 1196 682 1243 suspicari
741 1195 968 1242 scriptorem
1016 1194 1173 1232 liberius
1218 1197 1355 1243 egisse,
1415 1208 1499 1234 cum
1562 1196 1817 1232 Historiarum

265 1263 458 1300 orationes
517 1262 733 1298 senatorias
793 1265 1051 1308 componeret.
1126 1259 1219 1298 Nam
1284 1268 1323 1298 ut
1364 1263 1398 1298 in
1443 1272 1581 1310 genere
1623 1260 1814 1297 scribendi

266 1327 434 1365 Annales
464 1327 566 1364 haud
598 1327 646 1363 ita
681 1338 839 1374 parvum
873 1327 1080 1363 ostendunt
1112 1336 1372 1373 progressum,
1406 1328 1454 1364 ita
1488 1328 1601 1364 etiam
1635 1326 1817 1373 qualitate

267 1393 484 1430 orationum
516 1391 691 1440 Agricola
723 1393 990 1439 Historiaeque
1040 1391 1187 1429 distant
1236 1394 1283 1429 ab
1316 1393 1543 1430 Annalibus.
1605 1392 1684 1428 Illis
1720 1392 1821 1428 enim

268 1459 449 1504 operibus
483 1457 739 1504 interpositae
788 1457 964 1503 quamvis
1016 1456 1240 1503 scriptorem
1274 1458 1346 1494 iam
1399 1458 1542 1494 dudum
1575 1467 1593 1491 a
1625 1454 1820 1493 Ciceronis

268 1525 508 1571 eloquentiae
539 1525 737 1570 verbosae,
769 1534 881 1570 quam
916 1524 952 1561 in
986 1524 1182 1572 ,dialogo
1235 1526 1289 1562 de
1328 1524 1614 1561 oratoribus‘
1646 1524 1815 1560 aemula-

272 1597 334 1627 tus
364 1596 433 1635 est,
466 1589 677 1627 imitatione
708 1589 912 1626 recessisse
941 1588 1148 1634 declarent,
1178 1594 1306 1626 tamen
1330 1588 1449 1635 magis
1466 1588 1636 1626 scholam
1661 1599 1826 1624 morem-

273 1667 347 1704 que
377 1657 606 1694 rhetoricum
639 1655 812 1692 redolent
842 1655 891 1691 ita
924 1659 965 1691 ut
994 1654 1196 1690 consilium
1230 1659 1368 1701 pateat,
1413 1664 1528 1701 quam
1559 1664 1654 1700 quas
1689 1653 1817 1690 Anna-

273 1722 374 1758 libus
405 1721 617 1768 reperimus
649 1719 825 1756 insertas.
885 1718 962 1754 lam
997 1718 1115 1755 multo
1147 1718 1343 1756 breviores
1373 1717 1826 1763 sunt,llistoriarum‘

276 1796 390 1832 quam
424 1784 700 1831 ,Agricolae
738 1783 945 1828 orationes,
996 1782 1246 1820 brevissimae
1277 1794 1366 1820 vcro
1414 1784 1637 1829 plerumque
1668 1782 1828 1827 ,Anna-

278 1851 422 1892 lium,‘
454 1860 551 1896 quae
583 1849 772 1885 interdum
790 1848 943 1885 nonnisi
973 1852 1286 1895 argumentorum
1312 1848 1477 1896 speciem
1510 1858 1601 1894 prae
1631 1858 1671 1883 se
1691 1848 1828 1885 serunt.

386 1917 524 1954 Nostro
558 1916 639 1952 iure
670 1924 711 1951 ea
740 1926 838 1961 quae
865 1913 1151 1961 comparatione
1182 1914 1379 1959 evicimus,
1412 1913 1449 1949 in
1472 1922 1604 1949 omnes
1627 1911 1822 1948 orationes

274 1983 375 2029 apud
426 1987 551 2029 patres
597 1980 748 2017 habitas
779 1985 815 2017 et
845 1979 1031 2026 epistulas
1085 1979 1123 2015 in
1155 1984 1286 2016 senatu
1335 1978 1511 2016 recitatas
1543 1976 1808 2014 transtulimus

276 2047 381 2083 Nunc
421 2047 452 2083 si
508 2046 554 2081 ad
598 2045 778 2091 reliquas,
824 2055 986 2091 quarum
1036 2055 1217 2091 germana
1262 2044 1366 2081 nulla
1427 2048 1530 2080 extat
1587 2052 1827 2089 quarumque

274 2112 459 2157 genuinas
491 2111 632 2148 formas
664 2121 711 2147 ne
730 2110 881 2148 Tacitus
911 2110 1066 2156 quidem
1094 2115 1182 2148 ante
1197 2111 1330 2147 oculos
1360 2110 1508 2154 habuit,
1538 2119 1608 2146 nos
1630 2109 1834 2155 vertimus,

274 2192 336 2219 res
366 2182 485 2218 multo
516 2179 708 2216 dil'licilior
739 2179 778 2216 fit
808 2184 922 2226 atque
953 2179 1064 2217 nobis
1095 2184 1196 2217 reete
1227 2180 1451 2217 iudicaturis
1482 2191 1595 2217 omne
1632 2181 1819 2218 cautionis

274 2256 394 2291 genus
424 2250 481 2283 est
511 2243 786 2280 adhibendum.
847 2243 927 2280 Duo
957 2243 1056 2280 enim
1095 2243 1295 2281 imminent
1327 2243 1495 2291 pericula
1532 2243 1630 2280 inter
1660 2255 1701 2281 se
1732 2256 1825 2282 con-

276 2311 406 2353 traria,
438 2309 618 2358 primum,
646 2319 694 2346 ne
724 2309 825 2355 quod
858 2309 904 2344 ad
938 2309 1130 2346 orationes
1167 2309 1435 2347 senatorias
1483 2309 1581 2345 idem
1616 2310 1742 2347 valere
1773 2312 1818 2347 ad

277 2384 410 2411 onmes
441 2372 747 2421 praeiudicemus
769 2392 818 2396 —
843 2382 954 2418 quem
988 2372 1025 2409 in
1057 2383 1225 2410 errorem
1245 2372 1557 2410 Rodenwaldtius
1575 2373 1744 2419 incidit¹)
1770 2396 1786 2401 -
1824 2406 1832 2421 ,

277 2441 438 2477 alterum
470 2451 518 2478 ne
548 2439 644 2477 Livii
676 2439 917 2487 aliorumque
949 2450 1074 2477 rerum
1107 2441 1338 2488 scriptorum
1361 2440 1510 2477 ratione
1528 2440 1644 2479 nimis
1662 2448 1833 2489 respecta

276 2505 445 2552 reliquas
475 2504 669 2542 orationes
700 2514 784 2542 esse
820 2504 1119 2551 commenticias,
1168 2516 1188 2542 a
1220 2504 1348 2542 Tacito
1382 2505 1494 2552 plane
1526 2504 1632 2544 fictas
1662 2507 1826 2544 arbitre-

376 2688 407 2729 l)
433 2688 651 2721 ttodenwaldt:
680 2690 697 2721 1.
725 2689 743 2721 l.
769 2690 807 2721 cs.
835 2700 864 2730 p.
892 2689 922 2720 4.
949 2690 1038 2720 huius
1067 2689 1174 2721 libelli.
