2062 3201
931 210 1206 250 —32-

402 337 468 374 Sin
500 346 589 373 vcro
622 336 672 372 ita
700 340 768 379 est,
819 334 986 371 dubitari
1018 346 1094 372 non
1142 340 1281 382 potest,
1333 336 1426 383 quin
1470 335 1620 373 Plinius
1652 332 1768 379 ,13113ι
1801 343 1848 370 ex

291 405 398 442 urbis
428 403 522 440 actis
552 402 836 450 congesseritst‘)
899 403 1165 442 Adscribimus
1195 405 1376 452 deinceps
1407 403 1637 451 scriptorum
1664 399 1848 438 historiae

290 473 484 520 Augustae
515 471 679 517 locos²):
1623 524 1625 526 Ι

405 539 586 585 Vopisc.
620 540 733 579 Proh.
766 537 810 577 2:
841 540 960 577 Usus
992 539 1127 588 (sum)
1162 571 1170 579 .
1204 571 1211 578 .
1245 572 1253 580 .
1288 572 1297 581 .
1332 542 1451 580 actis
1487 543 1629 580 etiam
1658 548 1849 580 senatus

622 620 672 646 ac
710 610 886 657 populi.

360 674 468 711 Lam
481 675 596 722 prid.
629 679 714 718 Sev.
747 680 856 717 Alex.
889 677 1046 716 ‹3—12:
1094 680 1255 717 Interest
1297 685 1469 718 retexere
1512 680 1723 719 orationem
1776 691 1849 729 qua

619 748 802 794 (Severus
833 748 1067 795 Alexander)
1099 759 1239 786 nomen
1261 748 1443 787 Antonini
1474 755 1510 788 et
1530 749 1656 798 Magni
1678 750 1844 787 delatum

619 818 692 855 sibi
730 830 748 855 a
792 823 927 856 senatu
973 818 1175 856 recusavit.
1236 829 1349 865 quam
1395 820 1617 867 priusquam
1672 819 1850 867 referam,

620 887 756 924 addam
789 886 1083 925 acclamationes
1115 891 1284 931 senatus,
1314 888 1455 935 quibus
1486 888 1523 925 id
1553 888 1746 925 decretum
1780 891 1850 930 est,

620 966 671 993 ox
703 957 819 995 actis
850 955 979 994 urbis
1011 961 1115 993 ante
1145 956 1261 994 diem
1294 958 1444 1005 pridie
1474 967 1621 996 nonas
1647 954 1850 995 Martias.

409 1024 482 1060 Sed
532 1023 622 1072 quid
666 1025 763 1062 alios
793 1035 1140 1062 commemoramus
1187 1024 1421 1072 scriptores?
1469 1037 1596 1064 nonne
1647 1027 1694 1062 de
1723 1024 1852 1062 Tacito

293 1095 376 1139 ipso
407 1090 555 1130 Plinius
585 1094 731 1131 amicus
762 1105 831 1132 nos
862 1094 950 1131 t'aeit
980 1093 1179 1132 certiores:

415 1159 528 1199 Plin.
559 1162 669 1209 epist.
703 1162 778 1206 Vll,
797 1159 913 1207 3:5‚32
946 1161 1171 1199 Demonstro
1189 1173 1292 1210 ergo,
1315 1173 1534 1210 quanquam
1553 1161 1852 1210 diligentiam

568 1233 989 1277 111an11·11;.rere110n
1012 1233 1163 1279 possit
1193 1244 1290 1271 cum
1323 1233 1383 1271 sit
1414 1233 1457 1270 in
1485 1232 1691 1281 publicis
1714 1232 1852 1275 actis,

567 1301 788 1338 demonstro
819 1306 945 1338 tamen
980 1331 1158 1340 .....

411 1368 510 1405 Luce
541 1369 683 1406 clarius
714 1375 770 1407 est
801 1370 971 1406 Tacitum
1006 1375 1188 1418 perpetuo
1219 1375 1300 1407 acta
1333 1371 1469 1408 diurna
1501 1370 1723 1408 contulisse.
1786 1370 1851 1407 1113

296 1435 398 1471 enim
433 1435 594 1482 epistula
627 1436 756 1473 Tacito
808 1438 948 1485 scripta
997 1442 1066 1475 est.
1134 1437 1278 1481 Quodsi
1324 1448 1384 1474 res
1431 1437 1480 1474 ita
1513 1437 1713 1483 sehabet,
1760 1448 1851 1474 num

294 1503 518 1549 scriptorem
567 1509 723 1542 senatus
754 1505 1050 1542 commentarios
1099 1514 1163 1550 per
1193 1505 1435 1542 occasionem
1468 1509 1615 1541 tantum
1663 1505 1853 1542 evolvisse

296 1573 396 1609 credi
432 1570 580 1619 potest?
611 1575 699 1619 ΑΓ,
732 1574 871 1610 dixerit
902 1572 1144 1621 quispiam.⁸¹
1179 1573 1344 1617 ‚Tacitus
1364 1573 1424 1611 sui
1455 1574 1639 1621 temporis
1670 1584 1730 1611 res
1749 1584 1854 1611 com-

295 1644 491 1690 positurus
523 1649 602 1681 aeta
638 1643 792 1691 publica
833 1645 1063 1692 percensuit,
1106 1654 1191 1680 cum
1239 1642 1276 1679 in
1308 1644 1504 1681 tradendis
1552 1645 1722 1691 priorum
1752 1651 1849 1683 tem—

297 1722 431 1759 porum
481 1712 590 1749 factis
641 1712 793 1749 nonnisi
839 1717 1036 1749 auctorum
1071 1710 1276 1748 relationes
1332 1712 1432 1749 inter
1475 1724 1516 1749 se
1560 1713 1850 1759 comparaverit.

294 1780 398 1823 Quae
445 1779 542 1816 ratio
574 1780 750 1826 quamvis
792 1781 838 1816 de
883 1779 1014 1816 multis
1047 1778 1302 1825 scriptoribus
1335 1780 1472 1825 valeat,
1515 1781 1563 1817 de
1593 1781 1722 1818 Tacito
1772 1791 1847 1818 non

296 1847 407 1883 valet.
458 1848 565 1891 Quod
589 1848 863 1894 comprobatur
884 1848 949 1885 illo
969 1846 1174 1884 Annalium
1198 1846 1295 1891 loco,
1329 1848 1468 1894 dequo
1491 1859 1605 1895 supra
1631 1848 1851 1897 diximus.⁴)

409 1914 560 1951 Scilicet
591 1915 687 1951 alias
722 1915 758 1951 in
793 1915 901 1953 urbis
932 1915 1026 1952 actis
1058 1914 1177 1951 fuisse
1208 1915 1440 1961 perscriptas
1477 1915 1670 1953 orationes
1701 1921 1852 1963 praeter

290 1981 544 2028 principnm⁸J
577 1983 782 2020 nescimus.
844 1983 974 2030 Neque
1005 1982 1119 2029 igitur
1149 1987 1230 2018 acta
1272 1982 1409 2019 diurna
1451 1983 1565 2019 nimis
1597 1984 1643 2020 ad
1676 1988 1846 2021 nostram

294 2049 487 2095 pertinent
517 2059 611 2087 rem.

407 2116 565 2154 Minoris
595 2117 759 2164 denique
790 2119 973 2154 momenti
1006 2122 1075 2162 est,
1127 2128 1225 2164 quae
1255 2117 1407 2154 Tacitus
1440 2118 1487 2154 de
1516 2117 1758 2155 orationibus
1808 2129 1854 2155 ex

296 2185 355 2223 iis.
404 2185 467 2232 qui
502 2185 717 2223 dicentibus
763 2186 834 2232 ipsi
867 2185 1130 2229 interfuerant,
1180 2185 1314 2222 audire
1352 2184 1531 2232 potuerit.
1592 2185 1768 2222 Attamen
1821 2186 1853 2223 si

296 2251 384 2297 quid
418 2252 464 2289 de
481 2253 680 2299 Agricolae
711 2254 883 2290 oratione
915 2253 1056 2298 scierit,
1100 2254 1200 2290 unde
1217 2252 1408 2290 audiverit
1428 2253 1502 2290 nisi
1524 2263 1570 2290 cx
1592 2263 1724 2291 socero
1747 2250 1858 2300 ipso?

390 2362 420 2401 1)
447 2363 485 2394 cs.
515 2364 680 2395 Huebner:
707 2364 724 2396 1.
751 2364 767 2395 1,
798 2375 826 2405 p.
855 2364 929 2396 u14.

386 2419 421 2457 2¹.)
447 2421 485 2451 ef.
513 2420 588 2451 Plin.
616 2430 646 2451 n.
674 2421 701 2452 h.
730 2421 764 2463 Χ,
792 2422 822 2462 2,
849 2421 879 2451 ἶ).
908 2421 972 2462 wll,
999 2419 1053 2462 40,
1086 2419 1155 2452 145.
1184 2419 1237 2461 tlt,
1274 2421 1322 2461 13,
1351 2420 1403 2453 60.

384 2475 419 2515 3)
445 2475 483 2507 cs.
510 2476 640 2506 Nissen:
670 2476 691 2507 1.
716 2475 734 2506 l.
764 2487 793 2517 p.
822 2475 900 2509 500.

383 2531 419 2571 4)
448 2534 526 2562 Ann.
556 2532 577 2573 1,
609 2533 634 2562 1,

387 2588 422 2625 5)
450 2588 489 2619 (·1’,
517 2589 683 2619 llurbnor:
712 2589 728 2618 1.
758 2589 774 2620 Ι.
802 2600 831 2629 p.
858 2590 922 2620 (31⁴.)
949 2601 996 2630 sq.
