2062 3201
837 185 1114 224 ...41—

576 319 612 351 et
658 313 758 349 circo
808 322 851 348 ac
881 311 1040 348 theatris
1078 313 1300 356 corruptum
1331 307 1503 353 militem,
1552 307 1590 344 hi
1627 315 1733 354 pere-

576 380 726 428 grinum
757 384 793 416 et
823 383 1020 416 externum
1053 377 1299 424 increpabant
1331 404 1507 413 .....

310 449 354 486 H.
388 448 435 494 ΙΙ,
467 446 538 486 28:
570 447 697 485 orbari
729 457 770 484 sc
802 446 1097 483 fortissimorum
1131 444 1299 480 virorum
1332 442 1475 480 auxilio
1508 472 1516 480 .
1552 473 1560 481 .
1594 472 1602 481 .
1638 474 1645 481 .

308 516 391 553 Alia
421 520 614 554 taceamus
646 514 834 561 exempla.

316 682 362 724 ll.
395 686 456 730 IV,
494 681 562 722 14:
594 694 614 719 a
646 682 757 718 laudc
788 681 985 729 gloriaque
1015 680 1137 728 gentis
1167 690 1304 716 orsus
1355 678 1513 716 iniurias
1544 682 1580 715 et
1611 682 1742 725 raptus

582 755 617 787 et
648 754 771 786 cetera
802 749 947 787 servitii
980 747 1079 784 mala
1111 750 1308 783 enumerat
1324 744 1473 793 (Civilis
1506 745 1685 792 Batavus)
1706 775 1713 782 .
1733 776 1741 782 .

481 816 551 857 68:
585 818 616 855 is
659 817 795 865 (lulius
833 815 1071 861 Valentinus,
1116 814 1269 850 natione
1313 812 1462 859 Gallus)
1511 812 1744 850 meditata

578 884 789 921 oratione
838 887 998 920 cuncta
1032 879 1217 927 magnis
1267 879 1476 927 imperiis
1506 880 1744 918 obiectari

580 950 721 988 solita
777 949 1105 994 contumeliasque
1152 951 1189 983 et
1233 947 1413 985 invidiam
1463 947 1499 984 in
1559 948 1742 995 populum

580 1018 794 1054 Romanum
832 1016 975 1061 effudit,
1025 1015 1203 1051 turbidus
1239 1015 1444 1053 miscendis
1488 1015 1743 1051 seditionibus

582 1089 618 1122 et
649 1083 841 1131 plerisque
870 1087 1000 1130 gratus
1032 1083 1222 1120 vecordi
1254 1082 1486 1119 facundia.

401 1152 444 1199 V,
479 1151 547 1191 17:
579 1161 649 1188 nec
680 1150 810 1187 Civilis
855 1150 1030 1187 silentem
1068 1151 1207 1188 struxit
1238 1150 1371 1194 aciem,
1422 1149 1547 1186 locum
1595 1160 1742 1197 pugnae

579 1222 714 1255 testem
762 1217 912 1254 virtutis
962 1217 1082 1255 ciens:
1129 1223 1231 1255 stare
1266 1217 1476 1254 Germanos
1507 1217 1746 1263 Batavosque

582 1295 697 1332 super
742 1285 898 1332 vestigia
950 1285 1093 1332 gloriae
1141 1285 1287 1322 cineres
1337 1294 1500 1330 ossaque
1550 1284 1741 1331 legionum

582 1352 771 1389 calcantes
804 1380 981 1389 .....

276 1419 373 1457 Αηη.
407 1420 451 1466 ΙΙ,
487 1420 554 1458 10:
585 1419 812 1456 cernebatur
841 1424 971 1456 contra
1004 1419 1290 1455 minitabundus
1311 1417 1506 1454 Arminius
1537 1417 1744 1464 proelium-

584 1496 657 1533 que
677 1486 921 1523 denuntians.
970 1485 1063 1524 Nam
1094 1487 1317 1533 pleraque
1338 1483 1505 1522 Latino
1536 1495 1751 1521 sermone

590 1553 945 1591 intel-iaciebat.

320 1621 429 1659 Locis
460 1621 663 1668 adscriptis
693 1621 926 1668 conspicitur
955 1626 1129 1658 auctores
1151 1619 1270 1656 Taciti
1300 1620 1412 1657 etiam
1432 1621 1478 1658 de
1500 1619 1752 1658 barbarorum

211 1688 454 1726 sermonibus
485 1689 586 1725 haud
620 1688 669 1724 ita
703 1688 833 1734 paucis
880 1689 1008 1726 verbis
1040 1687 1279 1725 disseruisse.
1339 1687 1462 1734 Atque
1508 1692 1584 1724 tam
1627 1690 1752 1723 certae

210 1760 245 1792 et
276 1755 408 1792 firmae
437 1761 525 1793 sunt
556 1755 673 1792 Taciti
706 1754 924 1801 relationes,
954 1760 993 1791 ut
1027 1765 1184 1802 prorsus
1215 1754 1288 1791 fide
1318 1755 1454 1802 dignae
1484 1765 1567 1791 esse
1598 1753 1753 1790 videaur-

212 1827 284 1860 tur.
345 1822 418 1860 Sed
449 1824 522 1860 iam
555 1822 725 1869 suspicio
756 1827 945 1868 movetur,
973 1822 1005 1859 si
1036 1823 1195 1870 legimus
1225 1822 1334 1860 haec:

413 1891 459 1937 11,
493 1889 662 1928 15:11ec
706 1889 901 1926 Arminius
959 1894 1035 1926 aut
1092 1889 1206 1926 ceteri
1253 1888 1528 1926 Germanorum
1579 1896 1754 1934 proceres

591 1957 817 1994 omittebant
847 1967 938 1993 suos
971 1957 1132 2002 quisque
1161 1955 1306 2000 testari,
1336 1955 1407 1992 hos
1440 1966 1524 1993 esse
1544 1955 1750 1998 Romanos,

594 2024 747 2061 Variani
805 2024 994 2060 exercitus
1054 2024 1333 2068 fugacissimos,
1391 2023 1470 2069 qui,
1521 2033 1567 2059 ne
1611 2021 1754 2058 bellum

592 2092 814 2135 tolerarent,
845 2091 1070 2127 seditionem
1104 2091 1296 2127 induerint
1328 2119 1504 2128 .....

325 2156 414 2196 Aut!
447 2159 486 2196 Si
517 2159 608 2205 quid
640 2163 769 2195 noster
798 2159 897 2205 apud
930 2162 1104 2195 auctores
1149 2158 1305 2203 invenit,
1351 2157 1556 2194 maximam
1600 2155 1753 2203 quidem

217 2229 359 2271 partem
391 2225 517 2262 fictum
551 2231 643 2263 erat.

384 2291 463 2338 XV,
492 2289 563 2330 28:
597 2293 662 2329 ille
692 2291 911 2339 (Tiridates)
944 2293 990 2328 de
1020 2292 1218 2329 nobilitate
1248 2293 1397 2340 generis
1431 2292 1590 2329 multum
1625 2299 1700 2336 pra
1720 2299 1760 2325 c-

596 2360 723 2395 fatus
745 2364 868 2396 cetera
890 2364 1092 2405 tempera
1108 2364 1210 2396 nter
1239 2360 1427 2407 adiungit:
1460 2360 1599 2397 iturum
1620 2357 1760 2404 quippe

597 2426 754 2462 Romam
816 2426 1056 2472 laturumque
1099 2436 1239 2463 novum
1286 2427 1437 2464 Caesari
1496 2427 1624 2470 decuS,
1683 2434 1760 2461 non

596 2492 767 2529 adversis
799 2492 1026 2529 Parthorum
1058 2494 1172 2531 rebus
1202 2494 1413 2541 supplicem
1445 2492 1702 2538 Arsaciden.¹)

311 2602 343 2639 1)
368 2607 464 2641 praet.
489 2603 530 2634 es.
558 2604 594 2634 n.
622 2603 641 2644 ι,
667 2601 720 2633 65.
748 2601 789 2639 lv,
815 2599 844 2633 7.
873 2602 926 2634 69.
953 2603 1005 2633 75.
1034 2605 1070 2635 A.
1100 2603 1130 2641 ιι,
1156 2603 1210 2635 65.
1237 2604 1295 2645 xv,
1320 2604 1370 2635 24.

1683 2761 1707 2796 ιἾ
