2062 3201
945 181 1222 222 -23-

679 307 859 351 paulum
909 306 1169 343 immutatis
1216 304 1376 343 verbis
1407 305 1696 342 adseveratione
1728 305 1845 342 multa

679 378 899 415 censebant.

466 452 529 497 Vl,
561 446 635 488 24:
668 451 731 487 vix
764 449 870 493 fides,
900 448 973 485 nisi
1006 447 1105 495 quod
1126 446 1215 484 Attii
1235 447 1469 485 centurionis
1489 453 1523 484 et
1538 448 1686 497 Didymi
1704 450 1838 487 liberti

680 517 920 566 epistulae
949 526 1191 554 servornm
1224 517 1413 554 nomina
1446 516 1804 562 praeferebant.
1839 549 1847 556 .

676 588 798 625 Etiam
829 597 908 623 sua
943 585 1082 622 verba
1116 586 1288 623 centurio
1320 585 1542 623 saevitiae
1579 586 1717 633 plena
1751 615 1758 622 .

679 665 909 701 vocesque
946 652 1156 691 deficientis
1187 654 1390 696 adiecerat,
1436 655 1522 702 quis
1567 654 1689 701 primo
1739 651 1847 701 quasi

681 735 747 772 per
789 722 1018 762 dementiam
1066 722 1214 759 funesta
1247 723 1413 767 Tiberio,
1464 733 1553 760 mox
1596 722 1661 759 ubi
1713 732 1849 768 exspes

681 793 782 829 vitae
798 792 882 831 fuit.
898 790 1100 828 meditatas
1117 791 1426 838 compositasque
1444 791 1548 828 (liras
1565 790 1849 837 inprecabatnr.

406 861 505 898 Fieri
536 870 610 898 non
643 866 780 908 polest.
830 865 871 897 ut
901 868 1034 896 ornnes
1064 858 1182 901 lOCOS,
1233 859 1373 906 quibus
1405 859 1569 906 scriptor
1618 858 1664 895 de
1695 861 1846 904 patrum

296 928 507 973 sententiis,
539 929 587 965 de
617 929 792 975 epistulis
824 929 860 964 in
894 932 1027 965 senatu
1058 927 1227 964 recitatis
1265 928 1555 966 accuratissime
1592 926 1724 967 refert,
1757 934 1848 961 con:

298 1006 494 1044 geramus3
526 996 599 1033 nisi
629 998 726 1034 sorte
754 995 901 1033 librarii
935 1004 1092 1031 munere
1123 994 1228 1042 fungi
1261 997 1452 1033 volumus.
1513 994 1656 1038 Quodsi
1680 991 1848 1029 dubitari

297 1064 427 1110 nequit
459 1064 549 1111 quin
582 1064 734 1101 Tacitus
765 1068 920 1100 senatus
952 1062 1046 1099 actis
1079 1063 1196 1099 semel
1238 1069 1352 1111 atque
1383 1064 1519 1101 iterum
1557 1073 1650 1099 usus
1682 1061 1743 1102 sit,
1775 1061 1850 1096 iam

298 1132 405 1178 locis,
434 1143 531 1180 quos
561 1130 888 1180 adscripsnnusu,
919 1140 959 1167 ea
994 1134 1178 1177 perpetuo
1196 1132 1406 1169 contulisse
1422 1140 1607 1179 apparere
1629 1129 1845 1166 credamus.

413 1201 532 1238 Venio
561 1201 606 1237 ad
639 1200 798 1237 alteram
833 1199 1037 1236 Annalium
1068 1203 1228 1245 partem.

515 1267 825 1313 X1‚‹3:‹1einne
869 1266 1181 1312 obstrepentibus
1234 1268 1292 1307 iis.
1343 1268 1483 1314 quibus
1531 1278 1572 1303 ea
1621 1264 1848 1303 contumelia

682 1336 901 1383 parabatur,
947 1333 1094 1370 discors
1125 1334 1261 1372 Suillio
1306 1336 1423 1373 Silius
1469 1334 1607 1371 acriter
1652 1333 1840 1370 incubuit.

686 1407 890 1440 veterum
922 1406 1156 1438 oratorum
1187 1404 1395 1450 exempla
1429 1404 1611 1443 referens,
1628 1403 1691 1448 qui
1710 1403 1847 1438 saman·

686 1476 721 1508 et
753 1474 926 1517 posteros
958 1469 1124 1515 praemia
1156 1470 1396 1517 eloquentiae
1425 1470 1708 1517 cogitavissent.

578 1538 643 1575 15:
676 1538 821 1575 rettulit
852 1536 1068 1583 (Claudius)
1101 1537 1238 1575 deinde
1269 1540 1314 1575 ad
1338 1543 1512 1576 senatum
1544 1547 1659 1583 super
1690 1535 1849 1581 collegio

684 1605 945 1652 haruspicum,
996 1615 1043 1641 ne
1075 1606 1332 1643 vetustissima
1375 1606 1504 1642 ltaliae
1544 1604 1744 1651 disciplina
1794 1613 1858 1650 per

684 1673 868 1711 desidiam
900 1671 1133 1709 exolescet-ct
1165 1703 1383 1711 ......

495 1741 577 1786 xll,
609 1741 652 1781 9:
683 1742 807 1779 Pollio
829 1740 947 1777 baud
974 1741 1247 1788 disparibus
1275 1754 1292 1777 v
1306 1741 1425 1778 erbis
1443 1750 1483 1776 ac
1499 1749 1621 1785 nuper
1645 1738 1857 1781 Vitellius2)

686 1816 825 1848 censet.

593 1878 659 1916 11:
693 1879 755 1915 ubi
790 1879 880 1914 llaec
911 1881 1025 1923 atque
1055 1877 1144 1913 talia
1176 1878 1444 1920 dissertavere'
1479 1875 1610 1923 incipit
1638 1875 1849 1912 orationem

688 1946 827 1982 Caesar
857 1945 904 1980 de
935 1945 1085 1991 fastigio
1106 1945 1277 1982 Romano
1310 1945 1615 1990 Parthorumque
1637 1941 1857 1990 obseqiiiis;

686 2024 802 2060 seque
831 2012 919 2048 divo
951 2013 1123 2059 Augusto
1161 2012 1399 2058 adaequabat
1434 2041 1649 2049 ......
1683 2010 1856 2047 omissa

689 2079 864 2117 Tiberii
898 2079 1144 2121 memoria,
1177 2090 1408 2126 quamquam
1443 2079 1473 2115 is
1506 2088 1658 2125 quoque
1691 2078 1857 2114 miserat.

688 2149 845 2186 Addidit
878 2153 1075 2196 praecepta
1110 2179 1115 2184 .
1153 2179 1159 2184 .
1197 2178 1204 2184 .
1238 2178 1245 2186 .

415 2214 522 2251 Haud
570 2216 790 2264 disparibus
842 2215 989 2253 verbis!
1049 2217 1097 2253 de
1150 2215 1290 2252 Vitellii
1338 2215 1511 2252 oratione
1559 2219 1633 2250 tam
1682 2218 1857 2250 accurate

303 2284 454 2321 Tacitus
484 2285 643 2331 rettulit,
676 2290 716 2322 ut
747 2284 952 2331 genuinam
986 2295 1072 2321 eum
1104 2289 1191 2320 ante
1221 2284 1353 2320 oculos
1395 2283 1576 2320 babuisse
1624 2283 1855 2319 credendum

302 2353 362 2390 sit.
437 2351 557 2389 Porro
605 2353 740 2390 iisdem
794 2352 914 2389 ferme
966 2352 1094 2389 verbis
1145 2362 1188 2388 ac
1238 2361 1361 2398 nuper
1409 2350 1604 2386 Vitellium
1659 2351 1858 2387 censuisse

304 2420 514 2457 Pollionem
546 2420 674 2457 tradit.
735 2419 856 2456 Etiam
877 2419 1062 2457 Pollionis
1093 2420 1208 2457 verba
1243 2419 1322 2466 ipsa
1355 2417 1510 2454 novisse
1542 2421 1716 2454 nostrum
1743 2423 1855 2464 patet.

415 2491 563 2528 Omissa
595 2491 735 2528 Tiberii
770 2489 976 2528 memorial
1029 2491 1135 2535 Quod
1169 2491 1349 2527 iudicium
1388 2490 1418 2527 si
1451 2489 1569 2525 Taciti
1602 2493 1671 2533 cst,
1720 2489 1854 2526 nititur

400 2658 431 2697 1)
455 2664 615 2699 praetcrea
644 2660 865 2691 conserantur:
893 2659 970 2689 Ann.
998 2659 1017 2695 l,
1050 2658 1097 2690 12.
1132 2658 1178 2690 13.
1206 2658 1258 2689 77.
1287 2658 1329 2698 111,
1356 2657 1407 2688 59.
1443 2657 1487 2697 Π,
1513 2655 1565 2687 38.

396 2716 431 2756 2)
457 2718 497 2750 cs.
524 2718 585 2759 xu,
611 2719 642 2749 5.
