2062 3201
930 187 1208 226 —48-

404 314 594 350 tractatio:

496 378 534 423 1)
567 378 730 415 civitatis
763 388 1001 424 progressus,

570 455 731 491 lneque
763 443 879 480 enim
913 443 1075 489 ignoro
1110 464 1155 469 -—
1191 453 1293 479 num
1327 443 1568 491 paenitet).

507 509 547 554 2)
579 511 660 546 eius
694 509 746 545 rei
778 512 950 553 eventus,

575 576 695 621 (num
729 574 938 622 paenitet
970 593 1020 598 -
1052 578 1096 609 at
1127 583 1222 610 cum
1255 573 1590 621 Sennonibus).

512 642 550 677 3⁸
584 641 780 679 Gallorum
813 637 985 675 defensio
1017 642 1054 674 et
1084 637 1365 675 commendatio

588 710 651 747 (at
682 715 771 742 cum
805 702 1100 741 Sennonibus
1132 723 1184 728 ——
1216 702 1386 749 omnia,
1418 714 1454 750 p.
1486 702 1551 749 c.).

425 773 634 818 peroratio:
669 770 834 815 ,omnia
867 770 1051 806 fuerunt
1082 768 1191 805 olim
1224 778 1352 807 nova.
1405 769 1737 807 inveterascet

906 835 989 871 llOC
1020 837 1234 882 quoque‘.

402 906 531 943 Prima
561 907 676 954 igitur
704 905 767 942 illa
789 902 977 954 genuinae
1007 908 1114 950 parte
1144 904 1320 942 derebus
1349 904 1506 942 omnino
1536 913 1687 950 semper
1700 901 1850 939 novatis

290 980 424 1021 agente
453 973 605 1009 Tacitus
635 971 888 1019 perorationis
920 971 1002 1007 loco
1034 981 1126 1008 usus
1157 976 1227 1008 est.

405 1038 587 1083 Tertium,
635 1038 734 1084 quod
779 1047 825 1073 ex
869 1036 1156 1085 comparatione
1200 1036 1398 1081 discimus,
1442 1038 1499 1072 est
1545 1034 1636 1070 hoc:
1697 1029 1850 1067 Tacitus

292 1104 415 1139 sontes
446 1114 521 1140 non
553 1101 769 1148 exscripsit,
812 1102 879 1138 sed
911 1112 1071 1150 prorsus
1117 1100 1285 1139 invertit.
1343 1100 1438 1138 Nam
1470 1100 1501 1137 si
1553 1096 1738 1135 orationis
1781 1106 1846 1142 ge-

292 1170 432 1206 nuinae
462 1169 615 1206 nonnisi
646 1169 740 1205 duas
774 1178 885 1205 voees
917 1169 1087 1213 retinuit,
1133 1174 1234 1205 certe
1266 1169 1385 1206 multo
1415 1167 1564 1205 cautius
1595 1174 1639 1202 ac
1670 1163 1842 1205 liberius,

292 1235 392 1281 quod
423 1235 629 1272 dictionem
659 1233 806 1279 attinet,
856 1238 1045 1279 auctores,
1095 1233 1160 1280 qui
1192 1233 1230 1271 in
1266 1233 1438 1271 omnium
1483 1231 1660 1270 manibus
1712 1238 1843 1266 versa-

293 1303 444 1346 bantur,
504 1306 657 1339 secutus
707 1304 776 1337 est.
836 1300 946 1336 Ratio
976 1300 1153 1347 denique,
1183 1310 1258 1347 qua
1290 1300 1454 1348 scriptor
1499 1299 1536 1336 in
1588 1297 1851 1344 componenda

295 1369 468 1405 oratioue
499 1369 636 1404 ductus
669 1371 738 1411 est,
785 1366 978 1403 artissime
1006 1366 1185 1404 cohaeret
1215 1377 1300 1404 cum
1333 1376 1462 1413 causa,
1512 1375 1586 1412 qua
1632 1367 1846 1400 commotus·

295 1435 392 1470 lianc
424 1433 572 1471 Claudii
602 1432 811 1469 orationem
846 1430 1018 1468 inseruit.
1079 1431 1196 1469 Nobis
1234 1433 1336 1470 enim
1377 1432 1583 1477 genuinam
1622 1429 1849 1477 perlegenti-

298 1503 367 1538 bus
402 1510 591 1546 nusquam
645 1499 723 1534 t'ere
769 1498 875 1535 locus
922 1497 1102 1543 occurrit,
1165 1499 1230 1545 qui
1275 1498 1485 1546 principem
1531 1506 1607 1534 non
1655 1495 1852 1543 ignorasse

299 1567 479 1605 declaret,
510 1574 622 1610 quam
655 1574 807 1610 gravem
840 1562 1113 1609 salubremque
1143 1563 1304 1611 imperio
1336 1564 1507 1601 Romano
1539 1572 1618 1599 rem
1651 1561 1689 1598 in
1720 1565 1855 1598 senatu

299 1636 427 1679 ageret
474 1629 615 1675 ubique
665 1629 743 1665 sere
801 1628 954 1665 nonnisi
1012 1627 1193 1667 inanibus
1251 1629 1487 1676 minutisque
1544 1626 1670 1665 causis
1716 1627 1857 1664 allatis.

298 1699 469 1734 Tacitum
503 1706 606 1737 vero,
650 1695 825 1742 quamvis
870 1695 951 1742 ipse
982 1700 1082 1732 esset
1130 1696 1233 1734 illius
1271 1696 1498 1740 nobilitatis,
1541 1704 1638 1742 quae
1669 1694 1848 1732 omnibus

299 1763 489 1812 ungulis')
546 1762 803 1807 annitebatur,
871 1766 911 1798 ut
960 1761 1124 1808 insignia
1178 1767 1326 1809 patrum
1379 1763 1514 1800 decora
1568 1760 1857 1807 magistratuum

298 1831 371 1867 sibi
404 1829 497 1877 ipsis
528 1834 787 1873 servat-entim,
819 1830 958 1873 ,sesso
1005 1827 1213 1874 imperio‘
1246 1829 1477 1876 recipiendis
1506 1828 1654 1865 viribus
1694 1827 1850 1873 integris

302 1906 385 1932 esse
416 1894 720 1932 subveniendum
754 1893 894 1931 iudicio
927 1893 1025 1930 iusto
1055 1894 1296 1940 complexum
1335 1895 1522 1932 videmus.
1582 1893 1713 1940 Neque
1752 1894 1852 1931 enim

299 1974 383 2000 eum
418 1964 557 2000 latebat
606 1963 796 1999 civitatem
831 1962 1041 1998 Romanam
1080 1961 1219 1999 virtute
1249 1962 1443 2009 quondam
1494 1961 1743 1998 excellentem
1783 1960 1856 1996 iam

299 2030 442 2065 (lullum
479 2029 515 2064 in
547 2028 718 2065 deterius
752 2038 836 2065 esse
868 2031 1050 2064 mutatam
1084 2036 1206 2074 neque
1236 2027 1348 2064 aliter
1370 2037 1496 2065 mores
1518 2027 1639 2075 magis
1663 2026 1860 2073 magisque

298 2093 424 2140 lapsos
472 2103 586 2140 posse
621 2092 814 2130 emendari
859 2102 902 2129 ac
932 2091 964 2129 si
998 2091 1281 2138 provinciarum
1331 2092 1432 2131 vires
1462 2103 1636 2141 opesque
1684 2092 1853 2129 nondum

300 2159 468 2205 perditae
514 2158 550 2194 in
581 2157 774 2195 civitatem
821 2156 1112 2204 adscircntui·.¹)
1171 2156 1253 2202 Qua
1303 2158 1350 2195 de
1390 2169 1503 2197 causa
1550 2158 1714 2205 scriptor
1759 2157 1857 2196 lianc

298 2225 509 2262 orationem
551 2230 733 2262 executus
772 2228 840 2262 est.
903 2223 1196 2271 Compositurus
1243 2234 1333 2261 vero
1378 2235 1424 2262 ex
1457 2224 1503 2262 iis
1545 2223 1859 2272 cogitationibus,

300 2300 394 2334 quas
426 2289 463 2326 in
497 2289 658 2336 genuina
691 2299 894 2336 expressas
924 2288 1080 2333 invenit,
1131 2289 1316 2334 quasdam
1347 2289 1422 2327 sibi
1454 2289 1624 2333 idoneas,
1675 2297 1773 2335 quae
1804 2286 1852 2324 ad

301 2365 377 2391 rem
415 2366 435 2390 a
455 2354 618 2391 Caesare
648 2361 770 2392 actam
800 2355 1065 2392 illustrandam
1084 2354 1295 2392 desiderari
1327 2366 1403 2393 non
1427 2359 1648 2403 potuerunt,
1679 2354 1849 2401 retinuit,

299 2420 558 2457 dissimillimo
590 2425 716 2457 autem
748 2420 861 2457 modo
893 2424 1047 2466 tamque
1078 2418 1198 2457 libere
1229 2430 1293 2458 eas
1324 2420 1514 2466 tractavit,
1553 2425 1594 2458 ut
1631 2424 1855 2467 argumenta

299 2491 445 2523 tantum
493 2485 681 2523 orationis
712 2485 900 2533 genuinae
945 2489 1095 2522 servata
1145 2485 1236 2524 sint.
1297 2485 1391 2524 Nam
1434 2486 1606 2524 adiectae
1652 2489 1742 2523 sunt
1771 2496 1860 2523 sen-

298 2553 451 2597 tentiae,
512 2562 609 2598 quae
654 2551 831 2598 scriptori
877 2554 988 2597 aptae
1033 2549 1275 2598 videbantur,
1335 2550 1502 2589 omissae
1550 2560 1698 2595 omnes,
1759 2560 1854 2597 quas

398 2675 427 2711 l)
454 2674 525 2704 Tac.
552 2675 630 2704 Anu.
658 2674 706 2714 xl,
732 2672 785 2704 23.

392 2726 427 2762 2)
453 2727 524 2758 Tac.
551 2729 630 2758 Anu.
659 2728 699 2768 ΙΙΙ,
726 2726 777 2757 25.
