2062 3201
835 293 886 296 ——
950 270 1003 308 232}
1068 297 1100 300 -—

306 389 452 428 Etenim
476 388 640 436 Tacitus,
672 392 731 428 cui
763 392 834 439 ipsi
869 405 1093 440 persuasum
1125 399 1413 437 eratTilJerium
1449 402 1566 439 t'uissc
1589 403 1738 440 Pisonis

194 460 406 507 conscium,
457 459 523 495 sed
561 458 625 504 qui
677 459 711 495 id
743 462 994 507 comprobare
1024 475 1097 501 nou
1145 470 1280 512 potest,
1314 467 1363 503 ita
1395 469 1609 512 scitissime,
1642 471 1731 516 quid

194 525 273 572 ipse
303 530 455 578 sentiat,
485 529 653 573 legentes
685 526 771 562 facit
803 528 978 566 scicutcs.

305 596 476 634 Alterum
508 593 743 641 conspicitur
773 601 1038 641 argumentum
1073 598 1243 635 Sallustii
1282 600 1495 638 orationum
1528 608 1561 640 ct
1594 605 1738 651 epistu-

192 661 312 698 larum
349 662 644 710 comparatione.
707 659 814 696 Haud
847 662 947 698 enim
980 663 1027 699 ita
1062 675 1146 701 rai-0
1184 670 1219 701 et
1250 667 1402 713 quidem
1445 670 1668 717 plerumque
1699 673 1736 709 iu

193 728 371 767 Historiis
414 735 529 777 atque
561 728 749 776 Agricola,
806 738 968 774 quarum
1000 732 1192 769 orationes
1222 741 1468 773 conservatae
1499 749 1630 776 omncs
1662 740 1740 776 fcrc

192 801 296 833 extra
328 802 502 834 senatum
531 795 685 832 habitae
714 801 815 837 sunt,
847 796 997 834 Tacitus
1030 808 1104 835 uon
1137 801 1248 837 modo
1280 806 1563 842 constructione
1594 811 1627 843 et
1661 818 1732 844 usu

191 864 394 900 verborum
427 863 636 901 eorundem
667 862 733 899 scd
765 863 878 900 etiam
910 866 1203 911 cogitationibus
1235 868 1438 907 dicentiun·
1462 871 1631 910 Sallustii
1655 879 1732 911 tam

187 930 324 968 similis
355 936 424 977 est,
456 935 497 968 ut
528 930 717 966 interdum
750 930 913 968 fortasse
945 933 980 968 id
1012 934 1114 979 quod
1146 935 1256 971 uobis
1291 936 1404 974 licere
1427 939 1576 976 videtur
1606 945 1732 979 trans-

187 1003 257 1035 eat.
318 998 457 1042 Quales
501 997 574 1033 loci
618 1008 638 1033 a
681 997 948 1035 Scliocnl‘eldio
997 1000 1034 1036 iu
1066 1001 1333 1040 dissertatione
1381 1006 1532 1043 collecti
1590 1009 1730 1053 sunm)

185 1065 356 1112 Exempli
389 1064 507 1113 gratia
541 1064 747 1101 nonnullos
781 1065 964 1103 adnotare
997 1068 1191 1105 volumus:

297 1132 388 1170 Sall.
421 1132 501 1170 Cat.
535 1129 762 1176 58‚9--lo:
807 1132 845 1169 si
879 1133 1078 1180 vincimus,
1119 1137 1244 1173 onmia
1279 1138 1388 1175 uobis
1419 1144 1496 1175 tuta
1530 1146 1639 1176 eruut
1674 1162 1724 1166 —

536 1199 595 1235 sin
626 1204 729 1235 metu
760 1201 1002 1246 cesserimus,
1035 1203 1166 1239 eadem
1199 1204 1262 1240 illa
1295 1206 1458 1242 advorsa
1492 1206 1591 1244 fient.

296 1267 380 1304 Tac.
412 1268 501 1315 Agr.
535 1266 606 1303 33:
661 1266 789 1302 onmia
821 1278 940 1313 prona
971 1269 1181 1307 victoribus
1212 1277 1326 1319 atquc
1356 1274 1487 1310 eadem
1521 1273 1628 1310 victis
1659 1275 1726 1310 ad-

537 1344 660 1371 versa.

293 1402 384 1439 sall.
418 1402 497 1440 Cat.
529 1399 597 1447 52,
629 1400 699 1438 35:
732 1401 796 1437 alii
828 1401 927 1437 intra
961 1403 1108 1439 moenia
1140 1409 1253 1451 atquc
1285 1407 1322 1443 in
1350 1408 1436 1444 sinu
1468 1413 1557 1444 suut
1580 1409 1723 1447 hostes.

294 1468 379 1505 Tac.
413 1470 508 1507 Hist.
540 1469 604 1509 Ill.
636 1466 706 1506 38:
739 1468 776 1505 iu
808 1469 903 1505 urbe.
932 1480 975 1505 ac
1005 1470 1091 1506 sinu
1124 1475 1332 1511 cavendum
1366 1476 1527 1513 hostem.

293 1537 514 1573 Declaratur
563 1546 653 1572 vero
699 1536 841 1573 talibus
889 1537 981 1574 locis
1038 1538 1207 1576 Tacitum
1265 1543 1504 1580 orationibus
1557 1543 1728 1580 Sallustii

181 1604 351 1640 studium
385 1604 620 1647 adhibuisse,
652 1608 705 1648 ut,
736 1605 927 1650 quomodo
960 1605 1080 1642 oratio
1112 1607 1316 1645 artificiose
1351 1611 1399 1646 sit
1430 1611 1722 1655 conscribenda,

180 1671 354 1709 disccret.
414 1672 523 1716 Quod
569 1681 654 1707 cum
700 1671 908 1717 didicisset,
968 1684 1014 1709 cx
1063 1673 1224 1712 vinculis
1272 1676 1443 1713 Sallustii
1503 1678 1727 1714 imitationis

181 1738 364 1786 effugiens
395 1739 586 1786 perfectus
617 1738 825 1776 historicus
858 1740 894 1776 in
911 1739 1125 1777 Annalibus
1150 1751 1191 1777 se
1211 1743 1418 1780 vindicavit
1441 1745 1477 1781 in
1500 1746 1727 1782 libertatem.

182 1826 230 1830 ——
262 1805 364 1842 Haec
393 1806 440 1842 de
469 1806 724 1852 discrepantia
775 1806 874 1843 inter
911 1807 986 1843 duo
1017 1809 1233 1846 orationum
1266 1821 1418 1857 genera,
1466 1822 1563 1858 quae
1592 1812 1727 1848 statui-

183 1883 278 1910 mus.
339 1874 542 1920 Reliquum
573 1879 643 1920 est,
678 1879 718 1910 ut
751 1874 881 1921 paucis
912 1875 1146 1913 disseramus
1179 1878 1225 1913 de
1248 1877 1387 1923 verbis,
1419 1879 1559 1924 quibus
1576 1879 1727 1915 Tacitus

180 1940 371 1978 orationes
417 1942 561 1978 inducit
593 1942 810 1988 quibusque
860 1943 898 1978 in
937 1942 1009 1979 tine
1040 1944 1086 1979 ad
1119 1954 1182 1981 eas
1229 1945 1394 1992 respicit.
1456 1946 1510 1982 Ex
1541 1946 1586 1983 iis
1619 1946 1718 1982 enini

179 2007 402 2054 scriptorem
439 2020 515 2046 non
545 2020 678 2046 omnes
709 2010 931 2054 sententias,
977 2020 1071 2056 quas
1103 2010 1140 2047 iu
1171 2012 1348 2058 genuinis
1379 2013 1617 2050 orationibus
1666 2013 1726 2049 vel

177 2072 279 2116 apud
308 2078 482 2110 auctores
514 2084 716 2121 expressas
748 2075 904 2121 invenit,
936 2076 1139 2112 retinuisse
1162 2078 1229 2114 sed
1258 2080 1521 2116 tantummodo
1547 2089 1717 2115 summas

177 2135 385 2175 inseruisse
414 2139 549 2176 elucet.
609 2140 731 2177 Simul
775 2151 1049 2189 cognoscemus
1086 2142 1284 2189 scriptoris
1314 2146 1482 2182 studium
1515 2145 1723 2182 varietatis.

176 2200 219 2236 Et
250 2202 416 2248 primum
453 2205 605 2251 quidem
657 2217 768 2244 voces
800 2207 903 2255 ipsas
950 2209 1117 2247 referens
1168 2211 1360 2257 expressis
1411 2212 1538 2249 verbis
1569 2212 1721 2248 'l'acitus

177 2276 328 2313 semper
357 2268 437 2306 fere
466 2269 504 2306 id
535 2271 709 2309 adnotat:

289 2333 402 2379 ,ipsa
455 2336 574 2373 enim
626 2338 765 2374 verba
812 2339 1041 2376 referam‘:
1096 2340 1137 2378 H.
1189 2341 1252 2387 ΙΙΙ,
1306 2339 1373 2380 39.
1420 2344 1464 2380 Α.
1511 2342 1607 2387 XIV,
1656 2340 1723 2379 239.

377 2401 456 2448 XV,
488 2401 555 2441 67.

286 2467 439 2511 ,verba
470 2468 599 2506 Flavi
631 2471 989 2518 vulgabautur‘:
1021 2473 1064 2510 A.
1098 2472 1177 2519 XV,
1209 2471 1275 2512 65.

285 2532 430 2579 ,hisce
459 2535 649 2574 verbis‘:
681 2536 725 2573 Α.
756 2535 818 2581 Vl,
851 2535 927 2584 6²),
958 2538 1022 2584 Xl,
1054 2536 1119 2576 21.
1154 2539 1236 2587 XII,
1266 2539 1332 2578 21.
1364 2539 1462 2587 XVI,
1492 2537 1531 2578 4.

284 2597 381 2643 ,hoc
411 2599 531 2636 enim
562 2601 703 2638 verbo
735 2611 872 2638 usum
904 2603 1088 2640 t'erunt‘:
1124 2603 1187 2651 XI,
1218 2601 1284 2643 37.

264 2717 294 2754 l]
320 2720 353 2750 G.
380 2719 579 2752 Schoenfeld:
605 2721 655 2763 ‚de
681 2723 777 2754 Taciti
802 2724 917 2755 studiis
942 2723 1149 2757 Sallustianis‘
1176 2726 1256 2767 Lips.
1286 2725 1380 2758 ¹884.
1408 2737 1437 2767 p.
1464 2727 1613 2759 52—54.

257 2770 294 2812 ⁴2)
319 2773 357 2804 cs.
383 2774 467 2806 Suet.
494 2776 560 2807 Tib.
587 2776 641 2818 67,
666 2778 719 2808 ubi
744 2778 851 2809 eadem
876 2779 967 2810 verba
993 2784 1108 2811 extant.
